1367 2143
466 109 522 134 LlB.
543 107 791 134 Lxxvu-Lxxxt.
1103 104 1161 134 157

94 196 203 235 collega
214 205 281 226 cum
295 205 343 225 sex
358 195 484 225 tribunis
496 194 590 234 plebis
603 194 786 233 imperioque
799 193 824 223 ei
838 193 978 231 abrogato
991 196 1163 231 corruptum

93 240 146 278 Ap.
163 238 262 268 Claudi
280 238 441 268 exercitum
458 238 486 267 in
511 241 685 276 potestatem
701 245 783 265 suam
799 235 911 273 redegit
928 239 955 264 et
972 234 1080 264 bellum
1098 234 1163 264 urbi

92 281 188 311 intulit
212 281 351 311 arcessito
375 282 405 309 C.
423 280 513 309 Mario
537 289 570 309 ex
587 279 682 308 Africa
707 287 773 308 cum
796 277 859 307 aliis
881 277 1024 307 exulibus.
1051 277 1081 306 in
1106 286 1164 315 quo

92 323 168 353 bello
185 324 243 353 duo
261 324 372 358 fratres,
389 322 460 352 alter
477 331 510 351 ex
522 321 643 360 Pompei
658 321 795 356 exercitu,
812 319 884 349 alter
897 329 930 349 ex
943 319 1063 354 Cinnae,
1079 319 1164 357 igno-

91 370 190 396 rantes
214 370 444 400 concurrerunt,
473 369 501 394 et
523 373 589 393 cum
611 363 704 392 victor
727 362 865 401 spoliaret
889 362 1034 397 occisum,
1063 361 1163 399 agnito

92 408 180 437 fratre
198 408 309 446 ingenti
326 407 533 437 lamentatione
550 406 641 441 edita,
659 414 731 443 rogo
748 405 773 434 ei
791 409 932 438 extructo,
950 404 1013 443 ipse
1029 413 1059 433 se
1076 413 1164 442 supra

92 460 196 488 rogum
215 450 367 480 transfodit
385 454 413 478 et
430 449 530 478 eodem
546 449 613 485 igne
627 452 821 486 consumptus
834 451 885 475 est.
914 450 941 475 et
955 455 1021 475 cum
1036 446 1163 485 opprimi

93 492 169 522 inter
185 493 265 522 initia
282 492 457 531 potuissent,
473 491 526 520 Cn.
543 490 664 529 Pompei
682 490 798 524 fraude,
815 489 864 527 qui
881 493 1034 527 utramque
1052 493 1164 527 partem

94 535 217 564 fovendo
233 535 308 564 vires
324 534 434 564 Cinnae
450 533 527 562 dedit
544 542 599 561 nec
616 532 671 561 nisi
694 531 857 570 profligatis
874 530 1058 569 optimatium
1076 530 1164 559 rebus

91 577 231 606 auxilium
256 577 336 609 tulit,
360 581 388 605 et
410 575 541 605 consulis
562 575 683 611 segnitia
707 574 870 603 contii-mati
887 573 979 602 Cinna
1006 578 1033 602 et
1055 572 1164 602 Marius

93 624 230 658 quattuor
246 618 435 652 exercitibus,
459 627 493 647 ex
515 617 623 656 quibus
645 617 703 646 duo
720 616 753 650 Q.
771 616 900 645 Sertorio
918 621 946 645 et
962 615 1088 644 Carboni
1105 615 1163 643 dati

92 666 170 696 sunt,
187 661 288 691 urbem
307 660 568 690 circumsederunt.
596 659 707 688 Ostiam
724 658 869 688 coloniam
884 658 997 688 Marius
1013 666 1163 696 expugna-

91 704 128 732 vit
146 708 173 732 et
189 703 345 733 crudeliter
361 703 492 742 diripuit.

536 767 604 792 LIB.
625 766 721 792 Lxxx.

177 822 315 841 PERIOCHA
334 821 388 841 Lm.
402 820 485 841 Lxxx.
512 811 620 840 Italicis
633 809 750 849 populis
766 819 781 839 a
798 814 900 839 senatu
917 809 1016 838 civitas
1033 809 1095 838 data
1109 813 1162 839 est.

92 855 247 890 Samnites,
264 855 314 894 qui
332 854 384 883 soli
401 863 479 883 arma
495 852 694 892 recipiebant,
714 852 824 882 Cinnae
841 856 869 881 et
885 851 975 881 Mario
993 861 1023 881 se
1040 851 1165 881 coniun-

90 902 205 927 xerunt.
237 897 271 927 ab
288 897 334 927 his
350 896 480 926 Plautius
495 895 609 933 legatus
624 903 691 924 cum
708 894 836 924 exercitu
860 903 961 924 caesus
986 899 1037 923 est.
1072 893 1164 923 Cinna

92 945 120 969 et
137 940 245 969 Marius
262 948 329 969 cum
346 938 479 968 Carbone
496 942 524 967 et
540 937 670 966 Sertorio
688 937 850 967 Ianiculum
875 941 1121 976 oppugnaverunt
1137 942 1165 966 et

92 982 182 1020 fugati
206 982 241 1011 ab
265 981 386 1011 Octavio
411 980 534 1010 consule
556 984 751 1009 recesserunt.
783 979 890 1009 Marius
913 979 1033 1008 Antium
1057 983 1083 1008 et
1101 978 1165 1008 Ari-

91 1025 163 1054 ciam
189 1029 217 1053 et
237 1024 400 1053 Lanuvium
425 1022 555 1052 colonias
578 1022 764 1060 expugnavit.
804 1031 870 1051 cum
895 1031 962 1060 spes
986 1021 1065 1051 nulla
1090 1026 1165 1051 esset

91 1066 280 1106 optimatibus
296 1065 449 1095 resistendi
471 1068 594 1104 propter
610 1064 764 1102 segnitiam
788 1069 816 1093 et
837 1064 988 1103 perfidiam
1013 1068 1041 1093 et
1057 1064 1164 1093 ducum

92 1115 120 1139 et
136 1109 278 1144 militum,
302 1108 351 1147 qui
375 1107 507 1146 corrupti
528 1111 577 1136 aut
599 1116 732 1146 pugnare
756 1106 896 1136 nolebant
919 1113 968 1136 aut
992 1106 1021 1135 in
1038 1106 1165 1136 diversas

91 1156 188 1191 partes
205 1150 384 1186 transibant,
408 1150 501 1179 Cinna
524 1154 551 1179 et
567 1148 675 1179 Marius
698 1149 728 1178 in
745 1149 848 1178 urbem
870 1149 981 1188 recepti
1006 1153 1089 1185 sunt;
1115 1149 1165 1187 qui

91 1193 169 1223 velut
191 1198 305 1232 captam
329 1202 391 1222 eam
414 1192 551 1222 caedibus
574 1201 607 1221 ac
630 1191 741 1231 rapinis
764 1196 949 1221 vastaverunt
975 1190 1026 1220 Cn.
1045 1191 1164 1221 Octavio

92 1236 214 1266 consule
238 1235 335 1265 occiso
358 1240 386 1264 et
409 1234 546 1264 omnibus
569 1234 705 1263 adversae
727 1234 817 1273 partis
840 1233 988 1263 nobilibus
1005 1233 1164 1269 trucidatis,

91 1279 168 1308 iuter
184 1287 258 1317 quos
274 1278 311 1306 M.
328 1277 474 1312 Antonio,
491 1276 731 1315 eloquentissimo
747 1277 824 1311 viro,
841 1281 868 1306 et
885 1276 916 1305 C.
932 1286 964 1305 ac
981 1276 1012 1305 L.
1030 1276 1161 1312 Caesare,

93 1330 219 1360 quorum
235 1320 330 1359 capita
346 1320 376 1349 iu
392 1319 495 1349 rostris
511 1319 604 1358 posita
621 1324 698 1348 sunt.
733 1319 854 1349 Crassus
870 1318 948 1348 filius
964 1318 999 1348 ab
1017 1318 1164 1358 equitibus

91 1363 238 1392 Fimbriae
254 1362 385 1398 occisus;
410 1367 492 1401 pater
505 1361 641 1397 CrassuS,
665 1371 701 1391 ne
724 1361 793 1400 quid
815 1361 969 1399 indignum
992 1361 1098 1391 virtute
1114 1370 1165 1391 sua

92 1410 257 1444 pateretur,
274 1405 368 1443 gladio
385 1414 415 1434 se
431 1404 582 1434 transfixit.
618 1409 645 1433 et
668 1404 739 1433 citra
760 1403 818 1433 ulla
840 1403 957 1434 comitia
980 1403 1117 1433 consules
1134 1403 1163 1433 in

93 1452 264 1486 sequentem
282 1456 392 1476 annum
409 1456 439 1476 se
455 1447 536 1486 ipsos
551 1446 804 1476 renuntiaverunt.
843 1446 1004 1485 eodemque
1020 1446 1082 1482 die,
1106 1456 1165 1485 quo

91 1490 291 1528 magistratum
314 1489 456 1525 inierant,
480 1489 589 1519 Marius
605 1489 670 1518 Sex.
687 1489 834 1518 Licinium
857 1493 1021 1518 senatorem
1045 1489 1081 1518 de
1097 1498 1165 1518 saxo

92 1532 166 1562 deici
184 1532 267 1562 iussit
285 1532 428 1571 editisque
445 1531 580 1571 plurimis
596 1531 755 1561 sceleribus
767 1531 863 1561 idibus
874 1531 1016 1561 Ianuariis
1032 1531 1165 1567 decessit,

90 1575 144 1610 vir,
157 1575 241 1604 cuius
253 1574 276 1604 si
291 1574 493 1604 examinentur
505 1583 571 1604 cum
583 1574 740 1604 virtutibus
752 1574 827 1610 vitia,
839 1574 916 1603 haud
930 1574 1013 1603 facile
1026 1574 1062 1603 sit
1075 1574 1164 1610 dictu,

92 1622 191 1647 utrum
207 1617 284 1646 bello
301 1616 405 1646 melior
419 1626 455 1646 an
472 1626 544 1656 pace
560 1616 757 1655 perniciosior
773 1617 876 1652 suerit;
903 1616 985 1653 adeo,
1003 1625 1088 1655 quam
1101 1625 1163 1646 rem

91 1659 239 1699 publicam
249 1664 378 1689 armatus
390 1659 520 1695 servavit,
533 1668 596 1688 eam
610 1659 706 1698 primo
717 1664 832 1697 togatus
841 1659 921 1688 omui
930 1669 1037 1697 genere
1046 1659 1164 1695 fraudis,

92 1707 241 1741 postremo
257 1702 345 1731 armis
362 1701 506 1731 hostiliter
522 1701 632 1731 evertit.

160 1754 182 1776 t).
203 1752 366 1781 transibunt]
386 1751 449 1775 nach
469 1750 507 1776 ed.
527 1760 578 1783 pr.;
598 1750 716 1775 Hdschr.:
737 1752 908 1776 transiebant.
928 1765 959 1769 ·—
982 1752 1019 1775 12.
1040 1751 1064 1776 C.
1084 1759 1115 1775 uc
1135 1751 1164 1775 L.

94 1784 213 1815 Caesare]
239 1793 270 1809 ac
295 1784 424 1817 eingestigt
445 1785 509 1810 nach
527 1784 621 1813 Wssb.;
647 1785 756 1810 Caesar-e
775 1785 817 1810 hat
837 1784 910 1813 Naz.;
935 1784 1000 1809 Jahn
1025 1785 1089 1810 nach
1108 1784 1163 1810 Gr.:

93 1818 118 1843 (ἶ.
138 1819 167 1843 L.
187 1819 352 1843 Caesar-ibus.

534 1852 600 1877 LlB.
620 1852 726 1877 Lxxxl.

177 1897 315 1917 pnmocnx
333 1898 388 1916 Lm.
401 1897 494 1917 Lxxxi.
522 1888 554 1917 L.
569 1887 647 1926 Sylla
658 1889 797 1923 Athenas,
814 1897 886 1927 quas
898 1888 1067 1923 Archelaus,
1080 1897 1165 1927 prae-

92 1930 186 1959 sectus
201 1930 384 1965 Mithridatis,
402 1935 603 1970 occupaverat,
620 1931 854 1961 circumsedente
868 1941 884 1959 *
900 1941 915 1959 *
930 1935 958 1961 et
973 1939 1041 1961 cum
1056 1939 1164 1970 magno

1190 492 1216 516 10

1189 703 1216 728 15

1188 984 1201 1007 5

1191 1194 1217 1219 10

1189 1407 1215 1431 15

1186 1620 1214 1645 20
