<?xml version="1.0" encoding="UTF-8"?>
<!DOCTYPE html PUBLIC "-//W3C//DTD XHTML 1.0 Transitional//EN"
    "http://www.w3.org/TR/xhtml1/DTD/xhtml1-transitional.dtd">
<html xmlns="http://www.w3.org/1999/xhtml" xml:lang="en" lang="en">
 <head>
  <title>
</title>
<meta http-equiv="Content-Type" content="text/html;charset=utf-8" />
  <meta name='ocr-system' content='tesseract 3.04.00' />
  <meta name='ocr-capabilities' content='ocr_page ocr_carea ocr_par ocr_line ocrx_word'/>
</head>
<body>
  <div class='ocr_page' id='page_1' title='image "./aburbeconditalib10livyuoft_0402.png"; bbox 0 0 1367 2143; ppageno 0'>
   <div class='ocr_carea' id='block_1_1' title="bbox 162 568 188 593">
    <p class='ocr_par' dir='ltr' id='par_1_1' title="bbox 162 568 188 593">
     <span class='ocr_line' id='line_1_1' title="bbox 162 568 188 593; baseline 0 0"><span class='ocrx_word' id='word_1_1' title='bbox 162 568 188 593; x_wconf 86' lang='lat'>10</span> 
     </span>
    </p>
   </div>
   <div class='ocr_carea' id='block_1_2' title="bbox 159 779 186 802">
    <p class='ocr_par' dir='ltr' id='par_1_2' title="bbox 159 779 186 802">
     <span class='ocr_line' id='line_1_2' title="bbox 159 779 186 802; baseline 0 0"><span class='ocrx_word' id='word_1_2' title='bbox 159 779 186 802; x_wconf 79' lang='lat'>15</span> 
     </span>
    </p>
   </div>
   <div class='ocr_carea' id='block_1_3' title="bbox 156 988 183 1013">
    <p class='ocr_par' dir='ltr' id='par_1_3' title="bbox 156 988 183 1013">
     <span class='ocr_line' id='line_1_3' title="bbox 156 988 183 1013; baseline 0.037 -1"><span class='ocrx_word' id='word_1_3' title='bbox 156 988 183 1013; x_wconf 77' lang='lat'>20</span> 
     </span>
    </p>
   </div>
   <div class='ocr_carea' id='block_1_4' title="bbox 155 1408 184 1433">
    <p class='ocr_par' dir='ltr' id='par_1_4' title="bbox 155 1408 184 1433">
     <span class='ocr_line' id='line_1_4' title="bbox 155 1408 184 1433; baseline 0.034 -1"><span class='ocrx_word' id='word_1_4' title='bbox 155 1408 184 1433; x_wconf 86' lang='lat'>30</span> 
     </span>
    </p>
   </div>
   <div class='ocr_carea' id='block_1_5' title="bbox 154 1619 181 1643">
    <p class='ocr_par' dir='ltr' id='par_1_5' title="bbox 154 1619 181 1643">
     <span class='ocr_line' id='line_1_5' title="bbox 154 1619 181 1643; baseline 0 0"><span class='ocrx_word' id='word_1_5' title='bbox 154 1619 181 1643; x_wconf 82' lang='lat'>35</span> 
     </span>
    </p>
   </div>
   <div class='ocr_carea' id='block_1_6' title="bbox 215 99 907 130">
    <p class='ocr_par' dir='ltr' id='par_1_6' title="bbox 215 99 907 130">
     <span class='ocr_line' id='line_1_6' title="bbox 215 99 907 130; baseline -0.003 -2"><span class='ocrx_word' id='word_1_6' title='bbox 215 99 276 128; x_wconf 80' lang='lat'>204</span> <span class='ocrx_word' id='word_1_7' title='bbox 594 100 665 125; x_wconf 85' lang='lat' dir='ltr'>IVLII</span> <span class='ocrx_word' id='word_1_8' title='bbox 684 100 907 130; x_wconf 78' lang='lat' dir='ltr'>OBSEQVENTIS</span> 
     </span>
    </p>
   </div>
   <div class='ocr_carea' id='block_1_7' title="bbox 208 185 1277 1233">
    <p class='ocr_par' dir='ltr' id='par_1_7' title="bbox 210 185 1277 686">
     <span class='ocr_line' id='line_1_7' title="bbox 214 185 1274 226; baseline 0.002 -12"><span class='ocrx_word' id='word_1_9' title='bbox 214 185 351 224; x_wconf 81' lang='lat' dir='ltr'>gentibus</span> <span class='ocrx_word' id='word_1_10' title='bbox 368 195 458 224; x_wconf 87' lang='lat' dir='ltr'>panes</span> <span class='ocrx_word' id='word_1_11' title='bbox 475 195 563 215; x_wconf 88' lang='lat' dir='ltr'>cruor</span> <span class='ocrx_word' id='word_1_12' title='bbox 575 196 590 215; x_wconf 93' lang='lat' dir='ltr'>e</span> <span class='ocrx_word' id='word_1_13' title='bbox 604 187 704 215; x_wconf 85' lang='lat' dir='ltr'>mediis</span> <span class='ocrx_word' id='word_1_14' title='bbox 721 187 810 216; x_wconf 85' lang='lat' dir='ltr'>fluxit.</span> <span class='ocrx_word' id='word_1_15' title='bbox 840 187 868 215; x_wconf 89' lang='lat' dir='ltr'>in</span> <span class='ocrx_word' id='word_1_16' title='bbox 884 186 1008 216; x_wconf 77' lang='lat' dir='ltr'>Vestinis</span> <span class='ocrx_word' id='word_1_17' title='bbox 1021 196 1073 225; x_wconf 85' lang='lat' dir='ltr'>per</span> <span class='ocrx_word' id='word_1_18' title='bbox 1089 188 1148 217; x_wconf 84' lang='lat' dir='ltr'>dics</span> <span class='ocrx_word' id='word_1_19' title='bbox 1163 192 1274 226; x_wconf 86' lang='lat' dir='ltr'>septem</span> 
     </span>
     <span class='ocr_line' id='line_1_8' title="bbox 214 228 1274 266; baseline 0.002 -10"><span class='ocrx_word' id='word_1_20' title='bbox 214 228 358 266; x_wconf 83' lang='lat' dir='ltr'>lapidibus</span> <span class='ocrx_word' id='word_1_21' title='bbox 374 228 513 266; x_wconf 84' lang='lat' dir='ltr'>testisque</span> <span class='ocrx_word' id='word_1_22' title='bbox 530 229 612 266; x_wconf 88' lang='lat' dir='ltr'>pluit.</span> <span class='ocrx_word' id='word_1_23' title='bbox 642 228 782 257; x_wconf 81' lang='lat' dir='ltr'>Aenariae</span> <span class='ocrx_word' id='word_1_24' title='bbox 796 233 889 257; x_wconf 82' lang='lat' dir='ltr'>terrae</span> <span class='ocrx_word' id='word_1_25' title='bbox 907 229 985 257; x_wconf 87' lang='lat' dir='ltr'>hiatu</span> <span class='ocrx_word' id='word_1_26' title='bbox 1002 229 1114 258; x_wconf 84' lang='lat' dir='ltr'>flamma</span> <span class='ocrx_word' id='word_1_27' title='bbox 1130 234 1228 259; x_wconf 86' lang='lat' dir='ltr'>exorta</span> <span class='ocrx_word' id='word_1_28' title='bbox 1245 230 1274 258; x_wconf 91' lang='lat' dir='ltr'>in</span> 
     </span>
     <span class='ocr_line' id='line_1_9' title="bbox 214 270 1275 310; baseline 0.002 -12"><span class='ocrx_word' id='word_1_29' title='bbox 214 270 326 299; x_wconf 85' lang='lat' dir='ltr'>caelum</span> <span class='ocrx_word' id='word_1_30' title='bbox 350 270 476 299; x_wconf 76' lang='lat' dir='ltr'>emicuit.</span> <span class='ocrx_word' id='word_1_31' title='bbox 508 271 582 300; x_wconf 84' lang='lat' dir='ltr'>circa</span> <span class='ocrx_word' id='word_1_32' title='bbox 600 271 721 309; x_wconf 76' lang='lat' dir='ltr'>Regium</span> <span class='ocrx_word' id='word_1_33' title='bbox 740 275 834 300; x_wconf 88' lang='lat' dir='ltr'>terrae</span> <span class='ocrx_word' id='word_1_34' title='bbox 856 275 1026 309; x_wconf 85' lang='lat' dir='ltr'>motu-pars</span> <span class='ocrx_word' id='word_1_35' title='bbox 1043 271 1122 300; x_wconf 85' lang='lat' dir='ltr'>urbis</span> <span class='ocrx_word' id='word_1_36' title='bbox 1141 272 1275 310; x_wconf 84' lang='lat' dir='ltr'>murique</span> 
     </span>
     <span class='ocr_line' id='line_1_10' title="bbox 214 312 1275 351; baseline 0.002 -11"><span class='ocrx_word' id='word_1_37' title='bbox 214 312 317 340; x_wconf 88' lang='lat' dir='ltr'>diruta.</span> <span class='ocrx_word' id='word_1_38' title='bbox 348 312 377 341; x_wconf 91' lang='lat' dir='ltr'>in</span> <span class='ocrx_word' id='word_1_39' title='bbox 396 312 547 350; x_wconf 88' lang='lat' dir='ltr'>Spoletino</span> <span class='ocrx_word' id='word_1_40' title='bbox 569 313 666 342; x_wconf 85' lang='lat' dir='ltr'>colore</span> <span class='ocrx_word' id='word_1_41' title='bbox 690 322 779 342; x_wconf 87' lang='lat' dir='ltr'>aureo</span> <span class='ocrx_word' id='word_1_42' title='bbox 803 313 907 351; x_wconf 82' lang='lat' dir='ltr'>globus</span> <span class='ocrx_word' id='word_1_43' title='bbox 923 313 998 351; x_wconf 80' lang='lat' dir='ltr'>ignis</span> <span class='ocrx_word' id='word_1_44' title='bbox 1014 314 1048 342; x_wconf 87' lang='lat' dir='ltr'>ad</span> <span class='ocrx_word' id='word_1_45' title='bbox 1066 318 1172 342; x_wconf 83' lang='lat' dir='ltr'>terram</span> <span class='ocrx_word' id='word_1_46' title='bbox 1188 314 1275 343; x_wconf 78' lang='lat' dir='ltr'>devo-</span> 
     </span>
     <span class='ocr_line' id='line_1_11' title="bbox 212 354 1275 393; baseline 0.002 -11"><span class='ocrx_word' id='word_1_47' title='bbox 212 354 289 383; x_wconf 88' lang='lat' dir='ltr'>lutus</span> <span class='ocrx_word' id='word_1_48' title='bbox 312 354 462 392; x_wconf 81' lang='lat' dir='ltr'>maiorque</span> <span class='ocrx_word' id='word_1_49' title='bbox 486 355 578 384; x_wconf 86' lang='lat' dir='ltr'>factus</span> <span class='ocrx_word' id='word_1_50' title='bbox 595 365 609 384; x_wconf 89' lang='lat' dir='ltr'>e</span> <span class='ocrx_word' id='word_1_51' title='bbox 628 359 703 384; x_wconf 91' lang='lat' dir='ltr'>terra</span> <span class='ocrx_word' id='word_1_52' title='bbox 720 355 754 384; x_wconf 89' lang='lat' dir='ltr'>ad</span> <span class='ocrx_word' id='word_1_53' title='bbox 778 356 921 384; x_wconf 75' lang='lat' dir='ltr'>orientem</span> <span class='ocrx_word' id='word_1_54' title='bbox 943 356 1012 384; x_wconf 83' lang='lat' dir='ltr'>ferri</span> <span class='ocrx_word' id='word_1_55' title='bbox 1031 356 1107 385; x_wconf 72' lang='lat' dir='ltr'>visus</span> <span class='ocrx_word' id='word_1_56' title='bbox 1129 356 1275 393; x_wconf 84' lang='lat' dir='ltr'>magnitu-</span> 
     </span>
     <span class='ocr_line' id='line_1_12' title="bbox 213 396 1274 436; baseline 0.002 -12"><span class='ocrx_word' id='word_1_57' title='bbox 213 396 310 425; x_wconf 87' lang='lat' dir='ltr'>dinem</span> <span class='ocrx_word' id='word_1_58' title='bbox 327 396 396 425; x_wconf 82' lang='lat' dir='ltr'>solis</span> <span class='ocrx_word' id='word_1_59' title='bbox 412 396 530 425; x_wconf 78' lang='lat' dir='ltr'>obtexit.</span> <span class='ocrx_word' id='word_1_60' title='bbox 562 397 659 426; x_wconf 84' lang='lat' dir='ltr'>Cumis</span> <span class='ocrx_word' id='word_1_61' title='bbox 671 397 700 426; x_wconf 90' lang='lat' dir='ltr'>in</span> <span class='ocrx_word' id='word_1_62' title='bbox 715 407 781 426; x_wconf 85' lang='lat' dir='ltr'>arce</span> <span class='ocrx_word' id='word_1_63' title='bbox 796 398 983 426; x_wconf 74' lang='lat' dir='ltr'>simulacrum</span> <span class='ocrx_word' id='word_1_64' title='bbox 996 397 1139 436; x_wconf 83' lang='lat' dir='ltr'>Apollinis</span> <span class='ocrx_word' id='word_1_65' title='bbox 1155 398 1274 427; x_wconf 87' lang='lat' dir='ltr'>sudavit.</span> 
     </span>
     <span class='ocr_line' id='line_1_13' title="bbox 213 438 1277 478; baseline 0.002 -12"><span class='ocrx_word' id='word_1_66' title='bbox 213 438 291 467; x_wconf 85' lang='lat' dir='ltr'>aedis</span> <span class='ocrx_word' id='word_1_67' title='bbox 308 439 425 468; x_wconf 82' lang='lat' dir='ltr'>l&#39;ietatis</span> <span class='ocrx_word' id='word_1_68' title='bbox 446 439 475 467; x_wconf 93' lang='lat' dir='ltr'>in</span> <span class='ocrx_word' id='word_1_69' title='bbox 497 439 575 468; x_wconf 90' lang='lat' dir='ltr'>circo</span> <span class='ocrx_word' id='word_1_70' title='bbox 593 439 734 468; x_wconf 87' lang='lat' dir='ltr'>Flaminio</span> <span class='ocrx_word' id='word_1_71' title='bbox 754 440 848 469; x_wconf 85' lang='lat' dir='ltr'>clausa</span> <span class='ocrx_word' id='word_1_72' title='bbox 866 440 986 468; x_wconf 75' lang='lat' dir='ltr'>fulmine</span> <span class='ocrx_word' id='word_1_73' title='bbox 1003 440 1068 468; x_wconf 86' lang='lat' dir='ltr'>icta.</span> <span class='ocrx_word' id='word_1_74' title='bbox 1100 440 1205 469; x_wconf 85' lang='lat' dir='ltr'>Asculo</span> <span class='ocrx_word' id='word_1_75' title='bbox 1223 448 1277 478; x_wconf 89' lang='lat' dir='ltr'>per</span> 
     </span>
     <span class='ocr_line' id='line_1_14' title="bbox 212 480 1275 520; baseline 0.002 -12"><span class='ocrx_word' id='word_1_76' title='bbox 212 480 295 509; x_wconf 88' lang='lat' dir='ltr'>ludos</span> <span class='ocrx_word' id='word_1_77' title='bbox 312 481 433 509; x_wconf 85' lang='lat' dir='ltr'>Romani</span> <span class='ocrx_word' id='word_1_78' title='bbox 451 482 594 510; x_wconf 84' lang='lat' dir='ltr'>trucidati.</span> <span class='ocrx_word' id='word_1_79' title='bbox 621 491 686 510; x_wconf 85' lang='lat' dir='ltr'>cum</span> <span class='ocrx_word' id='word_1_80' title='bbox 705 491 737 510; x_wconf 84' lang='lat' dir='ltr'>ex</span> <span class='ocrx_word' id='word_1_81' title='bbox 754 482 830 520; x_wconf 83' lang='lat' dir='ltr'>agris</span> <span class='ocrx_word' id='word_1_82' title='bbox 845 482 874 510; x_wconf 91' lang='lat' dir='ltr'>in</span> <span class='ocrx_word' id='word_1_83' title='bbox 889 482 990 510; x_wconf 83' lang='lat' dir='ltr'>urbem</span> <span class='ocrx_word' id='word_1_84' title='bbox 1007 491 1113 520; x_wconf 86' lang='lat' dir='ltr'>pecora</span> <span class='ocrx_word' id='word_1_85' title='bbox 1130 486 1275 511; x_wconf 87' lang='lat' dir='ltr'>armenta-</span> 
     </span>
     <span class='ocr_line' id='line_1_15' title="bbox 212 523 1274 562; baseline 0.002 -12"><span class='ocrx_word' id='word_1_86' title='bbox 212 531 269 560; x_wconf 78' lang='lat' dir='ltr'>que</span> <span class='ocrx_word' id='word_1_87' title='bbox 286 523 380 551; x_wconf 89' lang='lat' dir='ltr'>Latini</span> <span class='ocrx_word' id='word_1_88' title='bbox 396 528 531 561; x_wconf 69' lang='lat' dir='ltr'>agerent,</span> <span class='ocrx_word' id='word_1_89' title='bbox 554 528 665 561; x_wconf 81' lang='lat' dir='ltr'>strages</span> <span class='ocrx_word' id='word_1_90' title='bbox 689 524 838 553; x_wconf 89' lang='lat' dir='ltr'>hominum</span> <span class='ocrx_word' id='word_1_91' title='bbox 857 524 962 562; x_wconf 89' lang='lat' dir='ltr'>passim</span> <span class='ocrx_word' id='word_1_92' title='bbox 980 525 1062 552; x_wconf 86' lang='lat' dir='ltr'>facta.</span> <span class='ocrx_word' id='word_1_93' title='bbox 1094 528 1223 552; x_wconf 82' lang='lat' dir='ltr'>armenta</span> <span class='ocrx_word' id='word_1_94' title='bbox 1245 524 1274 553; x_wconf 91' lang='lat' dir='ltr'>in</span> 
     </span>
     <span class='ocr_line' id='line_1_16' title="bbox 210 565 1274 604; baseline 0.001 -11"><span class='ocrx_word' id='word_1_95' title='bbox 210 568 319 593; x_wconf 85' lang='lat' dir='ltr'>tantam</span> <span class='ocrx_word' id='word_1_96' title='bbox 342 565 452 594; x_wconf 76' lang='lat' dir='ltr'>rabien]</span> <span class='ocrx_word' id='word_1_97' title='bbox 475 566 618 594; x_wconf 86' lang='lat' dir='ltr'>concitata</span> <span class='ocrx_word' id='word_1_98' title='bbox 642 570 724 601; x_wconf 66' lang='lat' dir='ltr'>sunt7</span> <span class='ocrx_word' id='word_1_99' title='bbox 749 571 780 595; x_wconf 88' lang='lat' dir='ltr'>ut</span> <span class='ocrx_word' id='word_1_100' title='bbox 797 567 933 595; x_wconf 82' lang='lat' dir='ltr'>vastando</span> <span class='ocrx_word' id='word_1_101' title='bbox 956 576 1025 595; x_wconf 85' lang='lat' dir='ltr'>suos</span> <span class='ocrx_word' id='word_1_102' title='bbox 1048 566 1150 595; x_wconf 85' lang='lat' dir='ltr'>hostile</span> <span class='ocrx_word' id='word_1_103' title='bbox 1173 566 1274 604; x_wconf 85' lang='lat' dir='ltr'>imagi-</span> 
     </span>
     <span class='ocr_line' id='line_1_17' title="bbox 212 607 1274 646; baseline 0.001 -11"><span class='ocrx_word' id='word_1_104' title='bbox 212 611 352 636; x_wconf 80' lang='lat' dir='ltr'>narentur</span> <span class='ocrx_word' id='word_1_105' title='bbox 374 607 481 636; x_wconf 84' lang='lat' dir='ltr'>bellum</span> <span class='ocrx_word' id='word_1_106' title='bbox 498 607 517 645; x_wconf 86' lang='lat'>†</span> <span class='ocrx_word' id='word_1_107' title='bbox 533 608 774 646; x_wconf 70' lang='lat' dir='ltr'>lacrimantesque</span> <span class='ocrx_word' id='word_1_108' title='bbox 797 608 893 637; x_wconf 90' lang='lat' dir='ltr'>multis</span> <span class='ocrx_word' id='word_1_109' title='bbox 909 608 1061 637; x_wconf 80' lang='lat' dir='ltr'>affectibus</span> <span class='ocrx_word' id='word_1_110' title='bbox 1084 608 1274 637; x_wconf 71' lang='lat' dir='ltr'>calamitatem</span> 
     </span>
     <span class='ocr_line' id='line_1_18' title="bbox 211 655 495 686; baseline 0.004 -10"><span class='ocrx_word' id='word_1_111' title='bbox 211 655 410 686; x_wconf 71' lang='lat' dir='ltr'>praesagirent</span> <span class='ocrx_word' id='word_1_112' title='bbox 426 659 495 678; x_wconf 83' lang='lat' dir='ltr'>suls.</span> 
     </span>
    </p>

    <p class='ocr_par' dir='ltr' id='par_1_8' title="bbox 208 689 1274 1107">
     <span class='ocr_line' id='line_1_19' title="bbox 296 689 1273 731; baseline -0.002 -9"><span class='ocrx_word' id='word_1_113' title='bbox 296 694 333 722; x_wconf 81' lang='lat'>55</span> <span class='ocrx_word' id='word_1_114' title='bbox 351 689 447 731; x_wconf 68' lang='grc'><strong>[1151.</strong></span> <span class='ocrx_word' id='word_1_115' title='bbox 484 691 516 720; x_wconf 92' lang='lat' dir='ltr'>L.</span> <span class='ocrx_word' id='word_1_116' title='bbox 539 691 611 719; x_wconf 84' lang='lat' dir='ltr'>lulio</span> <span class='ocrx_word' id='word_1_117' title='bbox 634 691 754 720; x_wconf 80' lang='lat' dir='ltr'>Caesare</span> <span class='ocrx_word' id='word_1_118' title='bbox 778 692 807 720; x_wconf 81' lang='lat' dir='ltr'>P.</span> <span class='ocrx_word' id='word_1_119' title='bbox 831 691 939 720; x_wconf 83' lang='lat' dir='ltr'>Rutilio</span> <span class='ocrx_word' id='word_1_120' title='bbox 966 692 1136 721; x_wconf 87' lang='lat' dir='ltr'>consulibus</span> <span class='ocrx_word' id='word_1_121' title='bbox 1160 692 1273 720; x_wconf 87' lang='lat' dir='ltr'>Metella</span> 
     </span>
     <span class='ocr_line' id='line_1_20' title="bbox 211 733 1274 771; baseline 0.001 -10"><span class='ocrx_word' id='word_1_122' title='bbox 211 733 331 761; x_wconf 75' lang='lat' dir='ltr'>Caecilia</span> <span class='ocrx_word' id='word_1_123' title='bbox 348 733 461 761; x_wconf 89' lang='lat' dir='ltr'>somnio</span> <span class='ocrx_word' id='word_1_124' title='bbox 475 733 618 762; x_wconf 81' lang='lat' dir='ltr'>Iunonem</span> <span class='ocrx_word' id='word_1_125' title='bbox 633 733 778 771; x_wconf 81' lang='lat' dir='ltr'>Sospitam</span> <span class='ocrx_word' id='word_1_126' title='bbox 792 733 1017 771; x_wconf 75' lang='lat' dir='ltr'>profugientem,</span> <span class='ocrx_word' id='word_1_127' title='bbox 1035 734 1111 771; x_wconf 86' lang='lat' dir='ltr'>quod</span> <span class='ocrx_word' id='word_1_128' title='bbox 1124 733 1274 762; x_wconf 82' lang='lat' dir='ltr'>immunde</span> 
     </span>
     <span class='ocr_line' id='line_1_21' title="bbox 210 775 1274 813; baseline 0.001 -10"><span class='ocrx_word' id='word_1_129' title='bbox 210 784 260 803; x_wconf 83' lang='lat' dir='ltr'>sua</span> <span class='ocrx_word' id='word_1_130' title='bbox 276 775 383 812; x_wconf 87' lang='lat' dir='ltr'>templa</span> <span class='ocrx_word' id='word_1_131' title='bbox 401 775 599 808; x_wconf 67' lang='lat' dir='ltr'>foedarentur,</span> <span class='ocrx_word' id='word_1_132' title='bbox 615 784 680 804; x_wconf 89' lang='lat' dir='ltr'>cum</span> <span class='ocrx_word' id='word_1_133' title='bbox 694 775 753 804; x_wconf 86' lang='lat' dir='ltr'>suis</span> <span class='ocrx_word' id='word_1_134' title='bbox 767 775 903 813; x_wconf 83' lang='lat' dir='ltr'>precibus</span> <span class='ocrx_word' id='word_1_135' title='bbox 915 785 999 813; x_wconf 79' lang='lat' dir='ltr'>aegre</span> <span class='ocrx_word' id='word_1_136' title='bbox 1016 780 1178 804; x_wconf 81' lang='lat' dir='ltr'>revocatam</span> <span class='ocrx_word' id='word_1_137' title='bbox 1196 776 1274 804; x_wconf 87' lang='lat' dir='ltr'>dice-</span> 
     </span>
     <span class='ocr_line' id='line_1_22' title="bbox 209 817 1273 856; baseline 0.001 -11"><span class='ocrx_word' id='word_1_138' title='bbox 209 821 261 851; x_wconf 67' lang='lat' dir='ltr'>ret,</span> <span class='ocrx_word' id='word_1_139' title='bbox 279 817 379 845; x_wconf 88' lang='lat' dir='ltr'>aedem</span> <span class='ocrx_word' id='word_1_140' title='bbox 393 821 592 846; x_wconf 85' lang='lat' dir='ltr'>matronarum</span> <span class='ocrx_word' id='word_1_141' title='bbox 609 817 733 846; x_wconf 81' lang='lat' dir='ltr'>sordidis</span> <span class='ocrx_word' id='word_1_142' title='bbox 749 818 943 855; x_wconf 79' lang='lat' dir='ltr'>obscenisque</span> <span class='ocrx_word' id='word_1_143' title='bbox 956 818 1088 855; x_wconf 80' lang='lat' dir='ltr'>eorporis</span> <span class='ocrx_word' id='word_1_144' title='bbox 1101 817 1273 856; x_wconf 85' lang='lat' dir='ltr'>coinquina-</span> 
     </span>
     <span class='ocr_line' id='line_1_23' title="bbox 210 859 1272 897; baseline 0.001 -10"><span class='ocrx_word' id='word_1_145' title='bbox 210 863 265 887; x_wconf 87' lang='lat' dir='ltr'>tam</span> <span class='ocrx_word' id='word_1_146' title='bbox 277 859 455 893; x_wconf 72' lang='lat' dir='ltr'>ministei·iis‚</span> <span class='ocrx_word' id='word_1_147' title='bbox 474 859 501 888; x_wconf 92' lang='lat' dir='ltr'>in</span> <span class='ocrx_word' id='word_1_148' title='bbox 517 869 572 897; x_wconf 82' lang='lat' dir='ltr'>qua</span> <span class='ocrx_word' id='word_1_149' title='bbox 585 860 670 888; x_wconf 83' lang='lat' dir='ltr'>ctiam</span> <span class='ocrx_word' id='word_1_150' title='bbox 684 859 738 888; x_wconf 80' lang='lat' dir='ltr'>sub</span> <span class='ocrx_word' id='word_1_151' title='bbox 751 860 906 889; x_wconf 84' lang='lat' dir='ltr'>simulacro</span> <span class='ocrx_word' id='word_1_152' title='bbox 921 860 991 888; x_wconf 85' lang='lat' dir='ltr'>deae</span> <span class='ocrx_word' id='word_1_153' title='bbox 1005 859 1100 888; x_wconf 83' lang='lat' dir='ltr'>cubile</span> <span class='ocrx_word' id='word_1_154' title='bbox 1114 860 1193 889; x_wconf 90' lang='lat' dir='ltr'>canis</span> <span class='ocrx_word' id='word_1_155' title='bbox 1206 869 1272 889; x_wconf 87' lang='lat' dir='ltr'>cum</span> 
     </span>
     <span class='ocr_line' id='line_1_24' title="bbox 209 901 1273 940; baseline 0.002 -11"><span class='ocrx_word' id='word_1_156' title='bbox 209 902 287 929; x_wconf 85' lang='lat' dir='ltr'>foetu</span> <span class='ocrx_word' id='word_1_157' title='bbox 304 906 373 937; x_wconf 75' lang='lat' dir='ltr'>erat,</span> <span class='ocrx_word' id='word_1_158' title='bbox 391 902 626 931; x_wconf 87' lang='lat' dir='ltr'>commundatam</span> <span class='ocrx_word' id='word_1_159' title='bbox 642 901 905 940; x_wconf 84' lang='lat' dir='ltr'>supplicationibus</span> <span class='ocrx_word' id='word_1_160' title='bbox 918 901 1022 930; x_wconf 88' lang='lat' dir='ltr'>habitis</span> <span class='ocrx_word' id='word_1_161' title='bbox 1038 902 1161 939; x_wconf 89' lang='lat' dir='ltr'>pristino</span> <span class='ocrx_word' id='word_1_162' title='bbox 1174 902 1273 940; x_wconf 90' lang='lat' dir='ltr'>splen-</span> 
     </span>
     <span class='ocr_line' id='line_1_25' title="bbox 208 943 1273 973; baseline 0.001 -2"><span class='ocrx_word' id='word_1_163' title='bbox 208 943 272 971; x_wconf 85' lang='lat' dir='ltr'>dori</span> <span class='ocrx_word' id='word_1_164' title='bbox 299 944 432 972; x_wconf 85' lang='lat' dir='ltr'>restituit.</span> <span class='ocrx_word' id='word_1_165' title='bbox 468 953 483 972; x_wconf 90' lang='lat' dir='ltr'>a</span> <span class='ocrx_word' id='word_1_166' title='bbox 508 944 675 973; x_wconf 83' lang='lat' dir='ltr'>Picentibus</span> <span class='ocrx_word' id='word_1_167' title='bbox 698 944 821 972; x_wconf 82' lang='lat' dir='ltr'>Romani</span> <span class='ocrx_word' id='word_1_168' title='bbox 849 944 973 973; x_wconf 83' lang='lat' dir='ltr'>barbaro</span> <span class='ocrx_word' id='word_1_169' title='bbox 1000 952 1080 973; x_wconf 89' lang='lat' dir='ltr'>more</span> <span class='ocrx_word' id='word_1_170' title='bbox 1107 944 1273 973; x_wconf 82' lang='lat' dir='ltr'>excruciati.</span> 
     </span>
     <span class='ocr_line' id='line_1_26' title="bbox 208 985 1272 1024; baseline 0.001 -11"><span class='ocrx_word' id='word_1_171' title='bbox 208 985 316 1023; x_wconf 84' lang='lat' dir='ltr'>ubique</span> <span class='ocrx_word' id='word_1_172' title='bbox 330 986 358 1014; x_wconf 95' lang='lat' dir='ltr'>in</span> <span class='ocrx_word' id='word_1_173' title='bbox 374 986 454 1014; x_wconf 84' lang='lat' dir='ltr'>Latio</span> <span class='ocrx_word' id='word_1_174' title='bbox 467 986 563 1014; x_wconf 84' lang='lat' dir='ltr'>clades</span> <span class='ocrx_word' id='word_1_175' title='bbox 579 990 724 1024; x_wconf 79' lang='lat' dir='ltr'>acceptae.</span> <span class='ocrx_word' id='word_1_176' title='bbox 756 986 880 1015; x_wconf 85' lang='lat' dir='ltr'>Rutilius</span> <span class='ocrx_word' id='word_1_177' title='bbox 894 986 993 1024; x_wconf 87' lang='lat' dir='ltr'>Lupus</span> <span class='ocrx_word' id='word_1_178' title='bbox 1005 986 1110 1024; x_wconf 84' lang='lat' dir='ltr'>spretis</span> <span class='ocrx_word' id='word_1_179' title='bbox 1123 986 1272 1024; x_wconf 84' lang='lat' dir='ltr'>religioni-</span> 
     </span>
     <span class='ocr_line' id='line_1_27' title="bbox 208 1027 1271 1065; baseline 0 -9"><span class='ocrx_word' id='word_1_180' title='bbox 208 1027 271 1062; x_wconf 76' lang='lat' dir='ltr'>bus,</span> <span class='ocrx_word' id='word_1_181' title='bbox 289 1036 355 1056; x_wconf 82' lang='lat' dir='ltr'>rum</span> <span class='ocrx_word' id='word_1_182' title='bbox 372 1028 399 1056; x_wconf 93' lang='lat' dir='ltr'>in</span> <span class='ocrx_word' id='word_1_183' title='bbox 415 1028 487 1056; x_wconf 82' lang='lat' dir='ltr'>extis</span> <span class='ocrx_word' id='word_1_184' title='bbox 503 1033 587 1065; x_wconf 83' lang='lat' dir='ltr'>caput</span> <span class='ocrx_word' id='word_1_185' title='bbox 606 1038 664 1057; x_wconf 85' lang='lat' dir='ltr'>non</span> <span class='ocrx_word' id='word_1_186' title='bbox 684 1028 843 1057; x_wconf 84' lang='lat' dir='ltr'>invenisset</span> <span class='ocrx_word' id='word_1_187' title='bbox 859 1028 1004 1063; x_wconf 75' lang='lat' dir='ltr'>iocineris7</span> <span class='ocrx_word' id='word_1_188' title='bbox 1022 1028 1126 1057; x_wconf 87' lang='lat' dir='ltr'>amisso</span> <span class='ocrx_word' id='word_1_189' title='bbox 1143 1028 1271 1057; x_wconf 85' lang='lat' dir='ltr'>exercitu</span> 
     </span>
     <span class='ocr_line' id='line_1_28' title="bbox 208 1069 505 1107; baseline 0 -9"><span class='ocrx_word' id='word_1_190' title='bbox 208 1069 235 1098; x_wconf 89' lang='grc'>111</span> <span class='ocrx_word' id='word_1_191' title='bbox 254 1070 365 1107; x_wconf 82' lang='lat' dir='ltr'>proelio</span> <span class='ocrx_word' id='word_1_192' title='bbox 383 1070 505 1099; x_wconf 71' lang='lat' dir='ltr'>occisus.</span> 
     </span>
    </p>

    <p class='ocr_par' dir='ltr' id='par_1_9' title="bbox 208 1110 1271 1233">
     <span class='ocr_line' id='line_1_29' title="bbox 293 1110 1271 1151; baseline 0 -11"><span class='ocrx_word' id='word_1_193' title='bbox 293 1113 331 1141; x_wconf 75' lang='lat' dir='ltr'>5ss</span> <span class='ocrx_word' id='word_1_194' title='bbox 349 1110 443 1151; x_wconf 72' lang='grc'><strong>[1161.</strong></span> <span class='ocrx_word' id='word_1_195' title='bbox 477 1112 506 1140; x_wconf 63' lang='lat' dir='ltr'>l..</span> <span class='ocrx_word' id='word_1_196' title='bbox 527 1112 601 1150; x_wconf 72' lang='lat' dir='ltr'>Sylla</span> <span class='ocrx_word' id='word_1_197' title='bbox 621 1112 655 1146; x_wconf 84' lang='lat' dir='ltr'>Q.</span> <span class='ocrx_word' id='word_1_198' title='bbox 677 1112 815 1149; x_wconf 83' lang='lat' dir='ltr'>Pompeio</span> <span class='ocrx_word' id='word_1_199' title='bbox 831 1112 1001 1141; x_wconf 83' lang='lat' dir='ltr'>consulibus</span> <span class='ocrx_word' id='word_1_200' title='bbox 1018 1112 1193 1150; x_wconf 85' lang='lat' dir='ltr'>Pompedius</span> <span class='ocrx_word' id='word_1_201' title='bbox 1212 1112 1271 1141; x_wconf 87' lang='lat' dir='ltr'>Silo</span> 
     </span>
     <span class='ocr_line' id='line_1_30' title="bbox 208 1153 1270 1192; baseline 0.002 -11"><span class='ocrx_word' id='word_1_202' title='bbox 208 1153 236 1182; x_wconf 90' lang='lat' dir='ltr'>in</span> <span class='ocrx_word' id='word_1_203' title='bbox 254 1153 394 1191; x_wconf 88' lang='lat' dir='ltr'>oppidum</span> <span class='ocrx_word' id='word_1_204' title='bbox 412 1154 580 1188; x_wconf 73' lang='lat' dir='ltr'>Bovianum,</span> <span class='ocrx_word' id='word_1_205' title='bbox 598 1154 674 1191; x_wconf 83' lang='lat' dir='ltr'>quod</span> <span class='ocrx_word' id='word_1_206' title='bbox 692 1159 822 1192; x_wconf 68' lang='lat' dir='ltr'>ceperat7</span> <span class='ocrx_word' id='word_1_207' title='bbox 840 1154 1022 1192; x_wconf 84' lang='lat' dir='ltr'>triumphans</span> <span class='ocrx_word' id='word_1_208' title='bbox 1037 1154 1169 1183; x_wconf 88' lang='lat' dir='ltr'>invectus</span> <span class='ocrx_word' id='word_1_209' title='bbox 1185 1163 1270 1183; x_wconf 82' lang='lat' dir='ltr'>omen</span> 
     </span>
     <span class='ocr_line' id='line_1_31' title="bbox 208 1195 1271 1233; baseline 0.001 -10"><span class='ocrx_word' id='word_1_210' title='bbox 208 1195 344 1224; x_wconf 75' lang='lat' dir='ltr'>victoriae</span> <span class='ocrx_word' id='word_1_211' title='bbox 360 1196 493 1224; x_wconf 83' lang='lat' dir='ltr'>hostibus</span> <span class='ocrx_word' id='word_1_212' title='bbox 511 1196 654 1231; x_wconf 79' lang='lat' dir='ltr'>ostendit,</span> <span class='ocrx_word' id='word_1_213' title='bbox 678 1196 743 1233; x_wconf 85' lang='lat' dir='ltr'>qnia</span> <span class='ocrx_word' id='word_1_214' title='bbox 760 1196 926 1233; x_wconf 88' lang='lat' dir='ltr'>triumphus</span> <span class='ocrx_word' id='word_1_215' title='bbox 943 1196 970 1224; x_wconf 94' lang='lat' dir='ltr'>in</span> <span class='ocrx_word' id='word_1_216' title='bbox 990 1196 1090 1225; x_wconf 88' lang='lat' dir='ltr'>urbem</span> <span class='ocrx_word' id='word_1_217' title='bbox 1114 1196 1271 1231; x_wconf 83' lang='lat' dir='ltr'>victricem,</span> 
     </span>
    </p>
   </div>
   <div class='ocr_carea' id='block_1_8' title="bbox 208 1234 1357 1276">
    <p class='ocr_par' dir='ltr' id='par_1_10' title="bbox 208 1234 1357 1276">
     <span class='ocr_line' id='line_1_32' title="bbox 208 1234 1357 1276; baseline 0 -11"><span class='ocrx_word' id='word_1_218' title='bbox 208 1247 267 1266; x_wconf 90' lang='lat' dir='ltr'>non</span> <span class='ocrx_word' id='word_1_219' title='bbox 292 1238 394 1266; x_wconf 76' lang='lat' dir='ltr'>victam</span> <span class='ocrx_word' id='word_1_220' title='bbox 418 1238 515 1266; x_wconf 82' lang='lat' dir='ltr'>induci</span> <span class='ocrx_word' id='word_1_221' title='bbox 533 1238 613 1266; x_wconf 81' lang='lat' dir='ltr'>solet.</span> <span class='ocrx_word' id='word_1_222' title='bbox 644 1238 776 1276; x_wconf 85' lang='lat' dir='ltr'>proximo</span> <span class='ocrx_word' id='word_1_223' title='bbox 799 1238 910 1276; x_wconf 88' lang='lat' dir='ltr'>proelio</span> <span class='ocrx_word' id='word_1_224' title='bbox 927 1238 1031 1267; x_wconf 88' lang='lat' dir='ltr'>amisso</span> <span class='ocrx_word' id='word_1_225' title='bbox 1048 1238 1176 1267; x_wconf 83' lang='lat' dir='ltr'>exercitu</span> <span class='ocrx_word' id='word_1_226' title='bbox 1193 1238 1271 1267; x_wconf 88' lang='lat' dir='ltr'>occi—</span> <span class='ocrx_word' id='word_1_227' title='bbox 1310 1260 1315 1265; x_wconf 70' lang='grc'>,</span> <span class='ocrx_word' id='word_1_228' title='bbox 1355 1234 1357 1250; x_wconf 70' lang='grc'>”</span> 
     </span>
    </p>
   </div>
   <div class='ocr_carea' id='block_1_9' title="bbox 204 1280 1270 1781">
    <p class='ocr_par' dir='ltr' id='par_1_11' title="bbox 205 1280 1270 1613">
     <span class='ocr_line' id='line_1_33' title="bbox 207 1280 1270 1318; baseline 0.001 -11"><span class='ocrx_word' id='word_1_229' title='bbox 207 1289 265 1308; x_wconf 85' lang='lat' dir='ltr'>sus.</span> <span class='ocrx_word' id='word_1_230' title='bbox 297 1280 453 1308; x_wconf 80' lang='lat' dir='ltr'>Mithridati</span> <span class='ocrx_word' id='word_1_231' title='bbox 471 1280 607 1309; x_wconf 70' lang='lat' dir='ltr'>adversus</span> <span class='ocrx_word' id='word_1_232' title='bbox 629 1280 725 1309; x_wconf 86' lang='lat' dir='ltr'>socios</span> <span class='ocrx_word' id='word_1_233' title='bbox 741 1280 848 1309; x_wconf 88' lang='lat' dir='ltr'>bellum</span> <span class='ocrx_word' id='word_1_234' title='bbox 866 1280 980 1318; x_wconf 86' lang='lat' dir='ltr'>paranti</span> <span class='ocrx_word' id='word_1_235' title='bbox 997 1280 1127 1318; x_wconf 84' lang='lat' dir='ltr'>prodigia</span> <span class='ocrx_word' id='word_1_236' title='bbox 1145 1289 1270 1318; x_wconf 87' lang='lat' dir='ltr'>apparu-</span> 
     </span>
     <span class='ocr_line' id='line_1_34' title="bbox 207 1322 1270 1360; baseline 0.002 -11"><span class='ocrx_word' id='word_1_237' title='bbox 207 1326 301 1350; x_wconf 83' lang='lat' dir='ltr'>erunt.</span> <span class='ocrx_word' id='word_1_238' title='bbox 333 1322 517 1360; x_wconf 66' lang='lat' dir='ltr'>Stratopedo,</span> <span class='ocrx_word' id='word_1_239' title='bbox 535 1322 583 1350; x_wconf 92' lang='lat' dir='ltr'>ubi</span> <span class='ocrx_word' id='word_1_240' title='bbox 597 1327 716 1351; x_wconf 85' lang='lat' dir='ltr'>senatus</span> <span class='ocrx_word' id='word_1_241' title='bbox 732 1322 831 1351; x_wconf 86' lang='lat' dir='ltr'>haberi</span> <span class='ocrx_word' id='word_1_242' title='bbox 848 1323 930 1357; x_wconf 70' lang='lat' dir='ltr'>solet.</span> <span class='ocrx_word' id='word_1_243' title='bbox 947 1322 1025 1351; x_wconf 81' lang='lat' dir='ltr'>corvi</span> <span class='ocrx_word' id='word_1_244' title='bbox 1041 1322 1185 1351; x_wconf 81' lang='lat' dir='ltr'>vulturem</span> <span class='ocrx_word' id='word_1_245' title='bbox 1202 1328 1270 1351; x_wconf 82' lang='lat' dir='ltr'>tun-</span> 
     </span>
     <span class='ocr_line' id='line_1_35' title="bbox 206 1363 1270 1402; baseline -0.001 -10"><span class='ocrx_word' id='word_1_246' title='bbox 206 1363 302 1392; x_wconf 88' lang='lat' dir='ltr'>dendo</span> <span class='ocrx_word' id='word_1_247' title='bbox 325 1364 427 1393; x_wconf 79' lang='lat' dir='ltr'>rostris</span> <span class='ocrx_word' id='word_1_248' title='bbox 451 1364 631 1393; x_wconf 77' lang='lat' dir='ltr'>occiderunt.</span> <span class='ocrx_word' id='word_1_249' title='bbox 663 1364 690 1393; x_wconf 89' lang='lat' dir='ltr'>in</span> <span class='ocrx_word' id='word_1_250' title='bbox 715 1365 838 1393; x_wconf 87' lang='lat' dir='ltr'>eundem</span> <span class='ocrx_word' id='word_1_251' title='bbox 861 1365 955 1393; x_wconf 76' lang='lat' dir='ltr'>locutu</span> <span class='ocrx_word' id='word_1_252' title='bbox 972 1364 1050 1393; x_wconf 85' lang='lat' dir='ltr'>sidus</span> <span class='ocrx_word' id='word_1_253' title='bbox 1070 1364 1174 1402; x_wconf 83' lang='lat' dir='ltr'>ingens</span> <span class='ocrx_word' id='word_1_254' title='bbox 1190 1364 1270 1393; x_wconf 84' lang='lat' dir='ltr'>caelo</span> 
     </span>
     <span class='ocr_line' id='line_1_36' title="bbox 206 1405 1270 1444; baseline 0.001 -11"><span class='ocrx_word' id='word_1_255' title='bbox 206 1405 372 1434; x_wconf 86' lang='lat' dir='ltr'>demissum.</span> <span class='ocrx_word' id='word_1_256' title='bbox 404 1406 485 1435; x_wconf 84' lang='lat' dir='ltr'>Isidis</span> <span class='ocrx_word' id='word_1_257' title='bbox 507 1406 620 1444; x_wconf 82' lang='lat' dir='ltr'>species</span> <span class='ocrx_word' id='word_1_258' title='bbox 642 1407 698 1435; x_wconf 80' lang='lat' dir='ltr'>visa</span> <span class='ocrx_word' id='word_1_259' title='bbox 723 1407 843 1435; x_wconf 81' lang='lat' dir='ltr'>fulmine</span> <span class='ocrx_word' id='word_1_260' title='bbox 862 1411 971 1444; x_wconf 86' lang='lat' dir='ltr'>petere.</span> <span class='ocrx_word' id='word_1_261' title='bbox 1002 1407 1100 1435; x_wconf 83' lang='lat' dir='ltr'>lucum</span> <span class='ocrx_word' id='word_1_262' title='bbox 1118 1406 1270 1435; x_wconf 83' lang='lat' dir='ltr'>Furiarum</span> 
     </span>
     <span class='ocr_line' id='line_1_37' title="bbox 206 1448 1269 1486; baseline 0.001 -10"><span class='ocrx_word' id='word_1_263' title='bbox 206 1457 271 1476; x_wconf 89' lang='lat' dir='ltr'>cum</span> <span class='ocrx_word' id='word_1_264' title='bbox 286 1448 463 1477; x_wconf 85' lang='lat' dir='ltr'>Mithridates</span> <span class='ocrx_word' id='word_1_265' title='bbox 475 1448 675 1481; x_wconf 70' lang='lat' dir='ltr'>succenderet,</span> <span class='ocrx_word' id='word_1_266' title='bbox 693 1448 768 1477; x_wconf 82' lang='lat' dir='ltr'>risus</span> <span class='ocrx_word' id='word_1_267' title='bbox 783 1449 934 1477; x_wconf 74' lang='lat' dir='ltr'>exauditus</span> <span class='ocrx_word' id='word_1_268' title='bbox 950 1449 1053 1486; x_wconf 78' lang='lat' dir='ltr'>ingens</span> <span class='ocrx_word' id='word_1_269' title='bbox 1066 1448 1129 1477; x_wconf 87' lang='lat' dir='ltr'>sine</span> <span class='ocrx_word' id='word_1_270' title='bbox 1141 1453 1269 1477; x_wconf 86' lang='lat' dir='ltr'>anctore.</span> 
     </span>
     <span class='ocr_line' id='line_1_38' title="bbox 206 1490 1269 1528; baseline 0.001 -11"><span class='ocrx_word' id='word_1_271' title='bbox 206 1499 272 1518; x_wconf 87' lang='lat' dir='ltr'>cum</span> <span class='ocrx_word' id='word_1_272' title='bbox 285 1490 451 1528; x_wconf 78' lang='lat' dir='ltr'>aruspicum</span> <span class='ocrx_word' id='word_1_273' title='bbox 466 1490 545 1519; x_wconf 84' lang='lat' dir='ltr'>iussu</span> <span class='ocrx_word' id='word_1_274' title='bbox 558 1491 699 1527; x_wconf 77' lang='lat' dir='ltr'>virginem</span> <span class='ocrx_word' id='word_1_275' title='bbox 714 1490 807 1519; x_wconf 79' lang='lat' dir='ltr'>Furiis</span> <span class='ocrx_word' id='word_1_276' title='bbox 824 1490 995 1523; x_wconf 73' lang='lat' dir='ltr'>immolaret,</span> <span class='ocrx_word' id='word_1_277' title='bbox 1013 1500 1028 1518; x_wconf 87' lang='lat' dir='ltr'>e</span> <span class='ocrx_word' id='word_1_278' title='bbox 1042 1490 1139 1528; x_wconf 80' lang='lat' dir='ltr'>iugulo</span> <span class='ocrx_word' id='word_1_279' title='bbox 1157 1491 1269 1528; x_wconf 87' lang='lat' dir='ltr'>puellae</span> 
     </span>
     <span class='ocr_line' id='line_1_39' title="bbox 205 1532 1269 1561; baseline 0 -1"><span class='ocrx_word' id='word_1_280' title='bbox 205 1532 280 1561; x_wconf 88' lang='lat' dir='ltr'>risus</span> <span class='ocrx_word' id='word_1_281' title='bbox 297 1537 377 1561; x_wconf 80' lang='lat' dir='ltr'>ortus</span> <span class='ocrx_word' id='word_1_282' title='bbox 394 1532 519 1560; x_wconf 79' lang='lat' dir='ltr'>turbavit</span> <span class='ocrx_word' id='word_1_283' title='bbox 542 1532 725 1561; x_wconf 73' lang='lat' dir='ltr'>sacriticitnn.</span> <span class='ocrx_word' id='word_1_284' title='bbox 758 1532 853 1561; x_wconf 81' lang='lat' dir='ltr'>classis</span> <span class='ocrx_word' id='word_1_285' title='bbox 874 1532 1046 1561; x_wconf 81' lang='lat' dir='ltr'>Mithridatis</span> <span class='ocrx_word' id='word_1_286' title='bbox 1070 1532 1097 1561; x_wconf 91' lang='lat' dir='ltr'>in</span> <span class='ocrx_word' id='word_1_287' title='bbox 1122 1532 1269 1561; x_wconf 83' lang='lat' dir='ltr'>Thessalia</span> 
     </span>
     <span class='ocr_line' id='line_1_40' title="bbox 206 1572 704 1613; baseline 0.002 -11"><span class='ocrx_word' id='word_1_288' title='bbox 206 1572 232 1613; x_wconf 77' lang='lat' dir='ltr'>[a</span> <span class='ocrx_word' id='word_1_289' title='bbox 250 1572 400 1613; x_wconf 79' lang='lat' dir='ltr'>Romanis]</span> <span class='ocrx_word' id='word_1_290' title='bbox 418 1575 446 1603; x_wconf 92' lang='lat' dir='ltr'>in</span> <span class='ocrx_word' id='word_1_291' title='bbox 464 1574 575 1612; x_wconf 85' lang='lat' dir='ltr'>proelio</span> <span class='ocrx_word' id='word_1_292' title='bbox 592 1574 704 1603; x_wconf 82' lang='lat' dir='ltr'>amissa.</span> 
     </span>
    </p>

    <p class='ocr_par' dir='ltr' id='par_1_12' title="bbox 204 1616 1269 1781">
     <span class='ocr_line' id='line_1_41' title="bbox 292 1616 1268 1654; baseline -0.001 -9"><span class='ocrx_word' id='word_1_293' title='bbox 292 1616 341 1645; x_wconf 78' lang='lat' dir='ltr'>Cn.</span> <span class='ocrx_word' id='word_1_294' title='bbox 367 1617 482 1645; x_wconf 71' lang='lat' dir='ltr'>Octavio</span> <span class='ocrx_word' id='word_1_295' title='bbox 500 1616 528 1645; x_wconf 86' lang='lat' dir='ltr'>L.</span> <span class='ocrx_word' id='word_1_296' title='bbox 549 1617 642 1646; x_wconf 74' lang='lat' dir='ltr'>Cinna</span> <span class='ocrx_word' id='word_1_297' title='bbox 665 1616 825 1646; x_wconf 77' lang='lat' dir='ltr'>consulibus</span> <span class='ocrx_word' id='word_1_298' title='bbox 849 1616 940 1645; x_wconf 75' lang='lat' dir='ltr'>Cinna</span> <span class='ocrx_word' id='word_1_299' title='bbox 965 1621 992 1644; x_wconf 86' lang='lat' dir='ltr'>et</span> <span class='ocrx_word' id='word_1_300' title='bbox 1008 1616 1097 1644; x_wconf 80' lang='lat' dir='ltr'>Mario</span> <span class='ocrx_word' id='word_1_301' title='bbox 1121 1625 1173 1654; x_wconf 88' lang='lat' dir='ltr'>per</span> <span class='ocrx_word' id='word_1_302' title='bbox 1194 1616 1268 1644; x_wconf 80' lang='lat' dir='ltr'>bella</span> 
     </span>
     <span class='ocr_line' id='line_1_42' title="bbox 205 1658 1266 1696; baseline 0 -10"><span class='ocrx_word' id='word_1_303' title='bbox 205 1659 296 1687; x_wconf 78' lang='lat' dir='ltr'>civilia</span> <span class='ocrx_word' id='word_1_304' title='bbox 309 1659 467 1687; x_wconf 83' lang='lat' dir='ltr'>crudeliter</span> <span class='ocrx_word' id='word_1_305' title='bbox 479 1658 790 1688; x_wconf 70' lang='lat' dir='ltr'>saevientibusllomae</span> <span class='ocrx_word' id='word_1_306' title='bbox 804 1659 831 1687; x_wconf 89' lang='lat' dir='ltr'>in</span> <span class='ocrx_word' id='word_1_307' title='bbox 847 1659 947 1687; x_wconf 82' lang='lat' dir='ltr'>castris</span> <span class='ocrx_word' id='word_1_308' title='bbox 960 1658 1011 1687; x_wconf 82' lang='lat' dir='ltr'>Cn.</span> <span class='ocrx_word' id='word_1_309' title='bbox 1027 1658 1143 1696; x_wconf 84' lang='lat' dir='ltr'>l&#39;ompei</span> <span class='ocrx_word' id='word_1_310' title='bbox 1156 1658 1266 1686; x_wconf 87' lang='lat' dir='ltr'>caelum</span> 
     </span>
     <span class='ocr_line' id='line_1_43' title="bbox 205 1700 1268 1738; baseline -0.001 -9"><span class='ocrx_word' id='word_1_311' title='bbox 205 1710 290 1729; x_wconf 85' lang='lat' dir='ltr'>ruere</span> <span class='ocrx_word' id='word_1_312' title='bbox 308 1701 414 1735; x_wconf 65' lang='lat' dir='ltr'>ristun.</span> <span class='ocrx_word' id='word_1_313' title='bbox 431 1710 508 1729; x_wconf 82' lang='lat' dir='ltr'>arma</span> <span class='ocrx_word' id='word_1_314' title='bbox 525 1701 665 1738; x_wconf 66' lang='lat' dir='ltr'>signaque</span> <span class='ocrx_word' id='word_1_315' title='bbox 682 1705 770 1734; x_wconf 72' lang='lat' dir='ltr'>tacta,</span> <span class='ocrx_word' id='word_1_316' title='bbox 791 1700 894 1729; x_wconf 79' lang='lat' dir='ltr'>milites</span> <span class='ocrx_word' id='word_1_317' title='bbox 910 1700 1074 1729; x_wconf 82' lang='lat' dir='ltr'>exanimati.</span> <span class='ocrx_word' id='word_1_318' title='bbox 1105 1700 1165 1737; x_wconf 88' lang='lat' dir='ltr'>ipsc</span> <span class='ocrx_word' id='word_1_319' title='bbox 1183 1700 1268 1728; x_wconf 81' lang='lat' dir='ltr'>Pom-</span> 
     </span>
     <span class='ocr_line' id='line_1_44' title="bbox 204 1742 1269 1781; baseline 0.002 -12"><span class='ocrx_word' id='word_1_320' title='bbox 204 1743 287 1780; x_wconf 85' lang='lat' dir='ltr'>peius</span> <span class='ocrx_word' id='word_1_321' title='bbox 302 1744 415 1771; x_wconf 87' lang='lat' dir='ltr'>aftlatus</span> <span class='ocrx_word' id='word_1_322' title='bbox 431 1743 524 1771; x_wconf 82' lang='lat' dir='ltr'>sidere</span> <span class='ocrx_word' id='word_1_323' title='bbox 541 1743 658 1772; x_wconf 80' lang='lat' dir='ltr'>interiit.</span> <span class='ocrx_word' id='word_1_324' title='bbox 687 1743 791 1772; x_wconf 88' lang='lat' dir='ltr'>lectum</span> <span class='ocrx_word' id='word_1_325' title='bbox 806 1743 868 1771; x_wconf 83' lang='lat' dir='ltr'>eius</span> <span class='ocrx_word' id='word_1_326' title='bbox 880 1743 1006 1781; x_wconf 87' lang='lat' dir='ltr'>populus</span> <span class='ocrx_word' id='word_1_327' title='bbox 1018 1742 1145 1780; x_wconf 66' lang='lat' dir='ltr'>diripuit,</span> <span class='ocrx_word' id='word_1_328' title='bbox 1162 1751 1269 1780; x_wconf 84' lang='lat' dir='ltr'>corpus</span> 
     </span>
    </p>
   </div>
   <div class='ocr_carea' id='block_1_10' title="bbox 202 1816 1267 1950">
    <p class='ocr_par' dir='ltr' id='par_1_13' title="bbox 202 1816 1267 1950">
     <span class='ocr_line' id='line_1_45' title="bbox 271 1816 1266 1848; baseline -0.001 -8"><span class='ocrx_word' id='word_1_329' title='bbox 271 1819 294 1841; x_wconf 74' lang='grc'>9.</span> <span class='ocrx_word' id='word_1_330' title='bbox 313 1819 423 1847; x_wconf 69' lang='lat' dir='ltr'>strages]</span> <span class='ocrx_word' id='word_1_331' title='bbox 437 1817 500 1841; x_wconf 82' lang='lat' dir='ltr'>nach</span> <span class='ocrx_word' id='word_1_332' title='bbox 512 1817 579 1845; x_wconf 81' lang='lat' dir='ltr'>Ald.;</span> <span class='ocrx_word' id='word_1_333' title='bbox 599 1817 676 1842; x_wconf 86' lang='lat' dir='ltr'>Jahn:</span> <span class='ocrx_word' id='word_1_334' title='bbox 689 1819 786 1848; x_wconf 65' lang='lat' dir='ltr'>strage.</span> <span class='ocrx_word' id='word_1_335' title='bbox 797 1832 829 1834; x_wconf 90' lang='lat'><strong>—</strong></span> <span class='ocrx_word' id='word_1_336' title='bbox 843 1818 880 1841; x_wconf 83' lang='lat'>17.</span> <span class='ocrx_word' id='word_1_337' title='bbox 900 1825 956 1841; x_wconf 79' lang='lat' dir='ltr'>cum</span> <span class='ocrx_word' id='word_1_338' title='bbox 969 1816 1051 1845; x_wconf 75' lang='lat' dir='ltr'>foeta]</span> <span class='ocrx_word' id='word_1_339' title='bbox 1072 1816 1134 1840; x_wconf 76' lang='lat' dir='ltr'>uach</span> <span class='ocrx_word' id='word_1_340' title='bbox 1149 1816 1266 1848; x_wconf 80' lang='lat' dir='ltr'>HHaupt;</span> 
     </span>
     <span class='ocr_line' id='line_1_46' title="bbox 203 1849 1266 1880; baseline 0.001 -7"><span class='ocrx_word' id='word_1_341' title='bbox 203 1849 271 1875; x_wconf 85' lang='lat' dir='ltr'>Ald.:</span> <span class='ocrx_word' id='word_1_342' title='bbox 292 1850 427 1879; x_wconf 52' lang='lat' dir='ltr'>ronl&#39;ueltfl</span> <span class='ocrx_word' id='word_1_343' title='bbox 452 1850 516 1875; x_wconf 79' lang='lat' dir='ltr'>Jahn</span> <span class='ocrx_word' id='word_1_344' title='bbox 542 1851 604 1875; x_wconf 73' lang='lat' dir='ltr'>nach</span> <span class='ocrx_word' id='word_1_345' title='bbox 625 1850 748 1875; x_wconf 77' lang='lat' dir='ltr'>Scheffer:</span> <span class='ocrx_word' id='word_1_346' title='bbox 775 1850 903 1879; x_wconf 70' lang='lat' dir='ltr'>eonl‘elae.</span> <span class='ocrx_word' id='word_1_347' title='bbox 928 1865 958 1867; x_wconf 97' lang='lat'><strong>—</strong></span> <span class='ocrx_word' id='word_1_348' title='bbox 984 1851 1022 1874; x_wconf 85' lang='lat'>20.</span> <span class='ocrx_word' id='word_1_349' title='bbox 1049 1852 1179 1880; x_wconf 74' lang='lat' dir='ltr'>acceptae]</span> <span class='ocrx_word' id='word_1_350' title='bbox 1204 1850 1266 1874; x_wconf 83' lang='lat' dir='ltr'>nach</span> 
     </span>
     <span class='ocr_line' id='line_1_47' title="bbox 203 1883 1267 1915; baseline 0.001 -8"><span class='ocrx_word' id='word_1_351' title='bbox 203 1883 317 1915; x_wconf 78' lang='lat' dir='ltr'>Hflaupt;</span> <span class='ocrx_word' id='word_1_352' title='bbox 342 1884 411 1908; x_wconf 66' lang='lat' dir='ltr'>Ant:</span> <span class='ocrx_word' id='word_1_353' title='bbox 436 1887 552 1915; x_wconf 67' lang='lat' dir='ltr'>accepta.</span> <span class='ocrx_word' id='word_1_354' title='bbox 576 1899 607 1901; x_wconf 92' lang='lat'><strong>—</strong></span> <span class='ocrx_word' id='word_1_355' title='bbox 632 1886 670 1909; x_wconf 73' lang='lat'>34.</span> <span class='ocrx_word' id='word_1_356' title='bbox 696 1893 711 1908; x_wconf 78' lang='lat' dir='ltr'>a</span> <span class='ocrx_word' id='word_1_357' title='bbox 736 1884 868 1913; x_wconf 68' lang='lat' dir='ltr'>Romanis]</span> <span class='ocrx_word' id='word_1_358' title='bbox 894 1883 1099 1915; x_wconf 71' lang='lat' dir='ltr'>eingeklammert</span> <span class='ocrx_word' id='word_1_359' title='bbox 1125 1891 1174 1907; x_wconf 71' lang='lat' dir='ltr'>von</span> <span class='ocrx_word' id='word_1_360' title='bbox 1198 1883 1267 1908; x_wconf 81' lang='lat' dir='ltr'>HJM.</span> 
     </span>
     <span class='ocr_line' id='line_1_48' title="bbox 202 1916 1233 1950; baseline -0.001 -8"><span class='ocrx_word' id='word_1_361' title='bbox 202 1931 234 1934; x_wconf 71' lang='lat'>—</span> <span class='ocrx_word' id='word_1_362' title='bbox 255 1919 293 1942; x_wconf 82' lang='lat'>35.</span> <span class='ocrx_word' id='word_1_363' title='bbox 315 1918 359 1942; x_wconf 73' lang='lat' dir='ltr'>Cu.</span> <span class='ocrx_word' id='word_1_364' title='bbox 381 1920 488 1942; x_wconf 68' lang='lat' dir='ltr'>Octavio</span> <span class='ocrx_word' id='word_1_365' title='bbox 508 1918 537 1942; x_wconf 91' lang='lat' dir='ltr'>L.</span> <span class='ocrx_word' id='word_1_366' title='bbox 560 1918 642 1950; x_wconf 72' lang='lat' dir='ltr'>Cinna</span> <span class='ocrx_word' id='word_1_367' title='bbox 663 1918 821 1948; x_wconf 66' lang='lat' dir='ltr'>consulibus]</span> <span class='ocrx_word' id='word_1_368' title='bbox 841 1918 972 1950; x_wconf 79' lang='lat' dir='ltr'>eingesiigt</span> <span class='ocrx_word' id='word_1_369' title='bbox 991 1917 1053 1941; x_wconf 74' lang='lat' dir='ltr'>nach</span> <span class='ocrx_word' id='word_1_370' title='bbox 1074 1916 1233 1948; x_wconf 82' lang='lat' dir='ltr'>Oudendorp.</span> 
     </span>
    </p>
   </div>
   <div class='ocr_carea' id='block_1_11' title="bbox 1345 0 1367 2143">
    <p class='ocr_par' dir='ltr' id='par_1_14' title="bbox 1345 0 1367 2143">
     <span class='ocr_line' id='line_1_49' title="bbox 1345 0 1367 2143; baseline 0 0"><span class='ocrx_word' id='word_1_371' title='bbox 1345 0 1367 2143; x_wconf 95' lang='lat' dir='ltr'> </span> 
     </span>
    </p>
   </div>
  </div>
 </body>
</html>
