1367 2143
138 428 165 452 10

139 638 165 662 15

138 850 166 873 20

189 83 249 112 134
427 84 455 109 Τ.
475 83 535 108 LlVl
554 83 733 109 PERIOCHAE
752 84 793 108 ET
812 84 1019 109 FRAGMENTA.

189 170 281 205 Corsi,
298 179 363 198 cum
380 168 584 209 rebellassent,
609 169 719 198 subacti
736 174 813 198 sunt.
849 169 954 199 Tuccia
970 170 1051 208 virgo
1068 170 1187 199 Vestalis
1205 170 1249 199 in-

189 212 259 241 cesti
276 212 407 241 damnata
425 216 476 240 est.
511 211 618 240 bellum
635 211 740 250 Illyriis
756 216 875 250 propter
890 221 980 241 unum
1002 221 1035 241 ex
1059 212 1176 250 legatis,
1200 213 1250 250 qui

189 254 222 283 ad
240 263 289 283 eos
305 254 384 283 missi
403 258 499 289 erant,
516 254 644 283 occisum
661 253 802 283 indictum
820 258 879 289 est,
897 254 1066 293 subactique
1082 255 1110 284 in
1128 255 1249 284 deditio-

190 306 255 326 nem
269 300 420 325 venerunt.
445 300 610 335 praetorum
628 305 768 325 numerus
780 296 932 334 ampliatus
944 301 997 332 est,
1014 301 1043 326 ut
1058 301 1154 326 essent
1166 302 1249 335 quat-

190 343 265 367 tuor.
299 338 371 367 Galli
388 338 589 376 Transalpini,
613 339 661 376 qui
685 338 713 367 in
730 338 840 367 ltaliam
863 338 1049 377 inruperant,
1073 339 1147 368 caesi
1172 344 1250 368 sunt.

190 390 223 409 eo
235 381 310 409 bello
324 381 464 419 populum
479 380 640 409 Romanum
658 381 701 409 sui
715 380 868 419 Latinique
881 381 1008 409 nominis
1022 381 1188 419 octingenta
1205 390 1251 410 ar-

188 428 330 452 matorum
354 423 488 452 habuisse
505 422 610 452 Fabius
633 423 711 451 dicit.
746 422 919 451 exercitibus
940 423 1078 452 Romanis
1099 428 1169 452 tunc
1191 423 1251 462 pri·

189 474 267 494 mum
293 470 370 494 trans
386 465 494 494 Padum
519 465 612 494 «luctis
629 465 701 494 Galli
718 465 855 494 Insubres
876 464 985 503 aliquot
1007 464 1126 503 proeliis
1149 465 1204 494 susi
1221 465 1250 494 in

189 508 368 537 deditionem
388 513 538 536 venerunt.
573 507 609 536 M.
626 507 763 536 Claudius
778 507 931 536 Marcellus
954 507 1056 536 consul
1073 508 1167 537 occiso
1185 507 1251 536 Gal—

189 550 283 579 lorum
306 550 471 579 Insubrium
495 550 567 578 duce
583 549 752 578 Virdomaro
776 549 870 588 opima
894 549 985 588 spolia
1009 549 1129 578 rettulit.
1163 549 1251 578 Histri

189 592 301 621 subacti
313 597 389 621 sunt.
420 592 487 621 item
501 592 599 630 Illyrii,
617 601 682 621 cum
699 591 897 626 rebellassent,
915 592 1015 620 domiti
1032 592 1060 620 in
1075 592 1251 621 deditionem

188 639 338 663 venerunt.
372 634 495 663 lustrum
513 644 526 663 a
543 634 715 663 censoribus
738 639 780 662 ter
797 634 947 663 conditum
965 638 1023 669 est;
1048 634 1142 672 primo
1159 634 1252 663 lustro

190 686 274 706 censa
298 681 364 705 sunt
389 677 493 705 civium
519 676 611 714 capita
629 676 751 705 ducenta
777 676 957 714 septuaginta
975 676 1050 704 milia
1068 676 1252 714 septingenta

188 719 327 747 tredecim
342 729 357 746 ³1<
371 729 396 747 va.
425 718 552 747 libertini
571 718 598 746 in
613 722 750 756 quattuor
762 718 854 746 tribus
869 718 975 747 redacti
993 723 1071 753 sunt,
1088 727 1152 746 cum
1170 722 1253 747 antea

189 761 310 799 dispersi
327 770 378 799 per
396 769 498 789 omnes
514 760 645 795 fuissent,
662 760 857 798 Esquilinam.
875 759 1043 794 Palatinam,
1060 760 1253 794 Suburanam,

190 802 340 832 Collinam.
368 803 397 831 C.
411 802 572 832 Flaminius
588 811 685 831 censor
701 804 777 831 viam
790 802 965 831 Flaminiam
978 802 1081 831 muniit
1100 806 1126 831 et
1143 802 1252 831 circum

189 845 362 874 Flaminium
380 845 528 874 exstruxit.
563 844 694 873 coloniae
717 845 856 874 deductae
878 849 945 873 sunt
968 845 997 873 iu
1022 853 1091 882 agro
1114 845 1148 873 (le
1164 844 1252 873 Gallis

189 892 272 926 capto
288 887 433 916 Placentia
450 892 476 916 et
493 887 644 916 Cremona.

257 948 279 970 9.
300 947 462 975 oelingenta]
482 952 509 969 so
523 944 566 969 dei·
579 944 639 968 Naz.
654 944 716 968 nach
730 943 801 969 Mms.
816 959 845 961 ς
860 946 896 968 to.
910 945 1020 973 Fabius]
1041 944 1171 975 eingesiigt
1190 943 1253 968 nach

189 979 312 1011 Pirogols;
333 979 402 1003 HJM.
422 981 546 1003 vermutet
567 979 665 1002 ‹licinu-
684 981 745 1003 statt
765 979 866 1002 Fabius
885 978 956 1001 dicit.
971 992 1003 995 »-
1025 980 1062 1002 13.
1083 978 1252 1007 Virdomaro]

189 1014 252 1037 nach
267 1013 332 1044 Sig.;
347 1013 425 1037 Jahn:
448 1013 670 1037 Ιῖνί(107η(ινο.-
684 1014 720 1036 15.
741 1014 788 1041 tw]
803 1020 830 1036 so
845 1012 905 1036 oder
919 1014 1013 1043 qnater
1032 1012 1065 1036 ist.
1078 1020 1107 1035 zu
1121 1011 1253 1035 schreiben

189 1048 252 1104 &ach
272 1046 354 1073 Mula:
380 1047 438 1071 Naz.
459 1046 521 1070 nach
541 1045 626 1071 Mais:
645 1054 742 1077 pet-.—
756 1047 793 1070 16.
812 1047 990 1076 sopnmginta]
1010 1053 1037 1069 so
1057 1045 1099 1069 der
1109 1045 1169 1069 Naz.
1189 1044 1253 1069 nach

188 1096 194 1104 l
215 1089 259 1106 ms.

275 1133 324 1169 12)
341 1132 439 1160 Livius
454 1131 528 1160 libro
544 1131 692 1160 vicesimo:
707 1127 752 1159 ‘P.
770 1130 896 1159 Cloelius
916 1130 1055 1168 patricius
1071 1130 1182 1168 primus
1203 1130 1252 1158 ad-

190 1183 290 1203 versus
305 1179 430 1202 veterem
447 1183 556 1202 morem
574 1174 647 1202 intra
665 1173 820 1211 septimum
837 1172 1020 1210 cognationis
1036 1172 1156 1210 gradum
1173 1171 1254 1200 duxit

190 1225 319 1245 uxorem.
343 1216 376 1245 ob
393 1216 448 1244 boc
465 1215 501 1244 Μ.
520 1215 645 1244 Rutilius
661 1215 792 1253 plebeius
810 1223 945 1253 sponsam
963 1214 1016 1243 sibi
1034 1214 1159 1252 praeripi
1175 1222 1248 1242 novo

190 1257 322 1296 exemplo
340 1258 508 1296 nuptiarum
525 1258 625 1286 dicens
641 1257 812 1286 seditionem
830 1256 930 1296 populi
948 1256 1116 1291 concitavit,
1134 1256 1204 1285 adeo
1221 1260 1253 1284 ut

190 1305 287 1340 patres
319 1300 409 1329 territi
444 1300 473 1328 in
502 1299 676 1338 Capitolium
709 1296 918 1338 perfugerent'.
968 1297 1025 1336 Vyl.
1052 1297 1166 1336 Krit'qer
1195 1298 1257 1327 und

192 1343 349 1372 Mommsen
366 1344 397 1371 in
414 1341 531 1371 Hermes
548 1342 599 1370 1111
617 1343 673 1372 371
689 1342 711 1379 f.

280 1402 327 1438 13)
349 1402 363 1419 *
381 1400 468 1439 Capta
491 1398 625 1439 Quirino]
650 1423 656 1428 .
683 1422 688 1429 .
712 1400 872 1429 secundum
899 1399 990 1437 legem
1007 1399 1117 1428 Numae
1134 1422 1140 1427 .
1158 1421 1180 1434 .‚
1204 1399 1252 1437 qui

190 1443 337 1483 praecepit
367 1443 458 1481 prima
490 1443 585 1481 opima
614 1442 706 1480 spolia
730 1442 788 1470 Iovi
813 1441 942 1470 Feretrio
974 1441 1078 1470 debere
1105 1441 1254 1480 suspendi,

190 1486 267 1524 quod
292 1486 347 1514 iam
364 1484 507 1513 Romulus
531 1485 652 1519 fecerat⁷
677 1484 803 1513 secunda
821 1484 922 1519 Marti,
945 1484 1021 1522 quod
1046 1483 1153 1512 Cossus
1175 1483 1253 1518 fecit,

190 1528 272 1557 tertia
286 1527 419 1562 Quirino,
436 1527 512 1565 quod
530 1527 595 1556 fecit
608 1526 761 1555 Marcellus
776 1548 781 1554 .
795 1535 817 1561 .;
834 1526 910 1555 varie
927 1526 961 1554 de
977 1526 1033 1554 boc
1049 1525 1113 1554 loco
1132 1530 1253 1554 tractant

192 1574 445 1604 commentatores
462 1569 571 1598 Numae
587 1568 658 1606 legis
675 1569 874 1603 immemores,
891 1568 974 1597 cuius
991 1568 1058 1597 facit
1073 1568 1252 1597 mentionem

190 1618 218 1642 et
234 1613 340 1641 Livius.
365 1611 443 1640 Serv.
461 1611 498 1640 ad
513 1610 590 1649 Verq.
607 1611 674 1640 Aen.
692 1610 725 1639 Vl
744 1611 814 1641 860.

275 1669 293 1689 ³?-
309 1672 338 1708 [†
356 1670 386 1699 C.
400 1670 524 1699 Manlius
537 1674 563 1699 et
577 1669 609 1704 Q.
620 1669 758 1699 Valerius.
781 1669 826 1698 his
842 1669 1012 1698 consulibus
1028 1668 1103 1698 ludis
1115 1668 1254 1697 Romanis

191 1714 317 1752 primum
341 1713 486 1750 tragoedia
507 1717 533 1741 et
550 1712 697 1741 comoedia
714 1721 728 1740 a
745 1711 776 1740 L.
794 1711 873 1740 Livio
891 1712 924 1741 ad
941 1720 1074 1741 scaenam
1091 1711 1153 1739 data
1171 1713 1206 1745 (a.
1224 1720 1252 1739 u.

191 1765 216 1785 c.
234 1757 309 1790 5153
328 1765 351 1784 a.
370 1754 436 1784 Chr.
455 1764 483 1783 n.
501 1755 583 1791 239).
611 1754 733 1784 Cassiod.
750 1753 860 1790 chron]

276 1813 290 1830 *
309 1813 338 1851 [†
361 1814 396 1843 M.
423 1814 561 1843 Aemilius
583 1818 610 1842 et
634 1813 669 1842 M.
692 1813 803 1842 Iunius.
838 1812 883 1841 bis
906 1811 1075 1841 consulibus
1098 1810 1252 1845 Hamilcar⁷

190 1856 363 1885 Hannibalis
379 1861 469 1894 pater,
486 1856 515 1884 in
531 1856 667 1895 Hispania
684 1855 790 1884 bellum
804 1855 941 1884 Romanis
955 1863 1060 1893 parans
1074 1854 1188 1883 occisus
1201 1857 1252 1882 est.

188 1899 238 1928 bic
253 1898 356 1928 solitus
373 1899 468 1927 dicere
486 1903 622 1937 quattuor
638 1898 713 1926 filios
729 1902 830 1927 contra
847 1897 987 1936 populum
1003 1896 1164 1925 Romanum
1178 1895 1253 1924 velut

1343 717 1359 1338 l
