<?xml version="1.0" encoding="UTF-8"?>
<!DOCTYPE html PUBLIC "-//W3C//DTD XHTML 1.0 Transitional//EN"
    "http://www.w3.org/TR/xhtml1/DTD/xhtml1-transitional.dtd">
<html xmlns="http://www.w3.org/1999/xhtml" xml:lang="en" lang="en">
 <head>
  <title>
</title>
<meta http-equiv="Content-Type" content="text/html;charset=utf-8" />
  <meta name='ocr-system' content='tesseract 3.04.00' />
  <meta name='ocr-capabilities' content='ocr_page ocr_carea ocr_par ocr_line ocrx_word'/>
</head>
<body>
  <div class='ocr_page' id='page_1' title='image "./aburbeconditalib10livyuoft_0338.png"; bbox 0 0 1367 2143; ppageno 0'>
   <div class='ocr_carea' id='block_1_1' title="bbox 140 248 168 272">
    <p class='ocr_par' dir='ltr' id='par_1_1' title="bbox 140 248 168 272">
     <span class='ocr_line' id='line_1_1' title="bbox 140 248 168 272; baseline 0 0"><span class='ocrx_word' id='word_1_1' title='bbox 140 248 168 272; x_wconf 79' lang='lat'>55</span> 
     </span>
    </p>
   </div>
   <div class='ocr_carea' id='block_1_2' title="bbox 142 669 170 693">
    <p class='ocr_par' dir='ltr' id='par_1_2' title="bbox 142 669 170 693">
     <span class='ocr_line' id='line_1_2' title="bbox 142 669 170 693; baseline -0.036 0"><span class='ocrx_word' id='word_1_2' title='bbox 142 669 170 693; x_wconf 83' lang='lat'>65</span> 
     </span>
    </p>
   </div>
   <div class='ocr_carea' id='block_1_3' title="bbox 146 1299 174 1322">
    <p class='ocr_par' dir='ltr' id='par_1_3' title="bbox 146 1299 174 1322">
     <span class='ocr_line' id='line_1_3' title="bbox 146 1299 174 1322; baseline 0 0"><span class='ocrx_word' id='word_1_3' title='bbox 146 1299 174 1322; x_wconf 69' lang='lat'>80</span> 
     </span>
    </p>
   </div>
   <div class='ocr_carea' id='block_1_4' title="bbox 193 71 1024 101">
    <p class='ocr_par' dir='ltr' id='par_1_4' title="bbox 193 71 1024 101">
     <span class='ocr_line' id='line_1_4' title="bbox 193 71 1024 101; baseline -0.002 -1"><span class='ocrx_word' id='word_1_4' title='bbox 193 71 252 101; x_wconf 75' lang='lat'>140</span> <span class='ocrx_word' id='word_1_5' title='bbox 431 72 460 98; x_wconf 91' lang='grc' dir='ltr'>Τ.</span> <span class='ocrx_word' id='word_1_6' title='bbox 480 72 541 97; x_wconf 89' lang='lat' dir='ltr'>LlVl</span> <span class='ocrx_word' id='word_1_7' title='bbox 559 72 739 97; x_wconf 82' lang='lat' dir='ltr'>PERIOCHAE</span> <span class='ocrx_word' id='word_1_8' title='bbox 758 72 798 97; x_wconf 91' lang='lat' dir='ltr'>ET</span> <span class='ocrx_word' id='word_1_9' title='bbox 818 72 1024 98; x_wconf 82' lang='lat' dir='ltr'><strong>FRAGMENTA.</strong></span> 
     </span>
    </p>
   </div>
   <div class='ocr_carea' id='block_1_5' title="bbox 192 157 1299 1418">
    <p class='ocr_par' dir='ltr' id='par_1_5' title="bbox 192 157 1299 1418">
     <span class='ocr_line' id='line_1_5' title="bbox 193 157 1254 196; baseline 0 -9"><span class='ocrx_word' id='word_1_10' title='bbox 193 158 268 187; x_wconf 86' lang='lat' dir='ltr'>filios</span> <span class='ocrx_word' id='word_1_11' title='bbox 290 162 482 196; x_wconf 83' lang='lat' dir='ltr'>praetextatos</span> <span class='ocrx_word' id='word_1_12' title='bbox 505 162 533 187; x_wconf 89' lang='lat' dir='ltr'>et</span> <span class='ocrx_word' id='word_1_13' title='bbox 550 158 659 196; x_wconf 85' lang='lat' dir='ltr'>Sulpici</span> <span class='ocrx_word' id='word_1_14' title='bbox 685 157 758 186; x_wconf 88' lang='lat' dir='ltr'>Galli</span> <span class='ocrx_word' id='word_1_15' title='bbox 782 158 889 194; x_wconf 78' lang='lat' dir='ltr'>tilium,</span> <span class='ocrx_word' id='word_1_16' title='bbox 913 158 996 187; x_wconf 89' lang='lat' dir='ltr'>cuius</span> <span class='ocrx_word' id='word_1_17' title='bbox 1019 163 1096 188; x_wconf 92' lang='lat' dir='ltr'>tutor</span> <span class='ocrx_word' id='word_1_18' title='bbox 1119 163 1192 193; x_wconf 83' lang='lat' dir='ltr'>erat,</span> <span class='ocrx_word' id='word_1_19' title='bbox 1218 158 1254 187; x_wconf 87' lang='lat' dir='ltr'>ita</span> 
     </span>
     <span class='ocr_line' id='line_1_6' title="bbox 192 200 1254 239; baseline 0 -10"><span class='ocrx_word' id='word_1_20' title='bbox 192 200 394 229; x_wconf 71' lang='lat' dir='ltr'>miserabiliter</span> <span class='ocrx_word' id='word_1_21' title='bbox 410 209 463 239; x_wconf 87' lang='lat' dir='ltr'>pro</span> <span class='ocrx_word' id='word_1_22' title='bbox 480 209 510 229; x_wconf 88' lang='lat' dir='ltr'>se</span> <span class='ocrx_word' id='word_1_23' title='bbox 526 200 642 229; x_wconf 89' lang='lat' dir='ltr'>locutus</span> <span class='ocrx_word' id='word_1_24' title='bbox 659 204 716 235; x_wconf 88' lang='lat' dir='ltr'>est,</span> <span class='ocrx_word' id='word_1_25' title='bbox 738 204 770 229; x_wconf 92' lang='lat' dir='ltr'>ut</span> <span class='ocrx_word' id='word_1_26' title='bbox 785 201 896 238; x_wconf 85' lang='lat' dir='ltr'>rogatio</span> <span class='ocrx_word' id='word_1_27' title='bbox 913 200 1123 239; x_wconf 80' lang='lat' dir='ltr'>antiquaretur.</span> <span class='ocrx_word' id='word_1_28' title='bbox 1158 204 1254 229; x_wconf 85' lang='lat' dir='ltr'>extant</span> 
     </span>
     <span class='ocr_line' id='line_1_7' title="bbox 192 242 1254 281; baseline -0.001 -10"><span class='ocrx_word' id='word_1_29' title='bbox 192 247 251 272; x_wconf 87' lang='lat' dir='ltr'>tres</span> <span class='ocrx_word' id='word_1_30' title='bbox 268 242 414 271; x_wconf 84' lang='lat' dir='ltr'>orationes</span> <span class='ocrx_word' id='word_1_31' title='bbox 432 243 509 278; x_wconf 85' lang='lat' dir='ltr'>eius,</span> <span class='ocrx_word' id='word_1_32' title='bbox 533 242 606 271; x_wconf 87' lang='lat' dir='ltr'>duae</span> <span class='ocrx_word' id='word_1_33' title='bbox 621 242 756 271; x_wconf 80' lang='lat' dir='ltr'>adversus</span> <span class='ocrx_word' id='word_1_34' title='bbox 773 242 913 272; x_wconf 81' lang='lat' dir='ltr'>Libonem</span> <span class='ocrx_word' id='word_1_35' title='bbox 932 242 1081 272; x_wconf 91' lang='lat' dir='ltr'>tribunum</span> <span class='ocrx_word' id='word_1_36' title='bbox 1098 242 1191 281; x_wconf 89' lang='lat' dir='ltr'>plebis</span> <span class='ocrx_word' id='word_1_37' title='bbox 1207 251 1254 271; x_wconf 85' lang='lat' dir='ltr'>ro-</span> 
     </span>
     <span class='ocr_line' id='line_1_8' title="bbox 193 284 1254 323; baseline -0.001 -10"><span class='ocrx_word' id='word_1_38' title='bbox 193 284 399 323; x_wconf 82' lang='lat' dir='ltr'>gationemque</span> <span class='ocrx_word' id='word_1_39' title='bbox 416 284 478 313; x_wconf 92' lang='lat' dir='ltr'>eius</span> <span class='ocrx_word' id='word_1_40' title='bbox 493 284 607 313; x_wconf 88' lang='lat' dir='ltr'>habitae</span> <span class='ocrx_word' id='word_1_41' title='bbox 623 284 658 313; x_wconf 87' lang='lat' dir='ltr'>de</span> <span class='ocrx_word' id='word_1_42' title='bbox 674 284 831 321; x_wconf 78' lang='lat' dir='ltr'>Lusitanis,</span> <span class='ocrx_word' id='word_1_43' title='bbox 848 294 905 314; x_wconf 89' lang='lat' dir='ltr'>una</span> <span class='ocrx_word' id='word_1_44' title='bbox 922 288 1022 314; x_wconf 83' lang='lat' dir='ltr'>eontra</span> <span class='ocrx_word' id='word_1_45' title='bbox 1039 284 1070 313; x_wconf 93' lang='lat' dir='ltr'>L.</span> <span class='ocrx_word' id='word_1_46' title='bbox 1088 284 1254 313; x_wconf 88' lang='lat' dir='ltr'>Cornelium</span> 
     </span>
     <span class='ocr_line' id='line_1_9' title="bbox 194 326 1255 365; baseline 0 -10"><span class='ocrx_word' id='word_1_47' title='bbox 194 326 352 364; x_wconf 74' lang='lat' dir='ltr'>Cethegum</span> <span class='ocrx_word' id='word_1_48' title='bbox 363 349 370 362; x_wconf 78' lang='grc'>,</span> <span class='ocrx_word' id='word_1_49' title='bbox 395 327 423 355; x_wconf 87' lang='grc'>111</span> <span class='ocrx_word' id='word_1_50' title='bbox 442 336 496 365; x_wconf 86' lang='lat' dir='ltr'>qua</span> <span class='ocrx_word' id='word_1_51' title='bbox 515 326 671 356; x_wconf 73' lang='lat' dir='ltr'>Lusitanos</span> <span class='ocrx_word' id='word_1_52' title='bbox 687 335 780 365; x_wconf 87' lang='lat' dir='ltr'>prope</span> <span class='ocrx_word' id='word_1_53' title='bbox 796 336 826 355; x_wconf 90' lang='lat' dir='ltr'>se</span> <span class='ocrx_word' id='word_1_54' title='bbox 843 331 933 356; x_wconf 85' lang='lat' dir='ltr'>castra</span> <span class='ocrx_word' id='word_1_55' title='bbox 950 326 1084 355; x_wconf 87' lang='lat' dir='ltr'>habentis</span> <span class='ocrx_word' id='word_1_56' title='bbox 1100 335 1196 356; x_wconf 85' lang='lat' dir='ltr'>caesos</span> <span class='ocrx_word' id='word_1_57' title='bbox 1214 327 1255 355; x_wconf 86' lang='lat' dir='ltr'>sa-</span> 
     </span>
     <span class='ocr_line' id='line_1_10' title="bbox 194 368 1255 407; baseline 0 -10"><span class='ocrx_word' id='word_1_58' title='bbox 194 373 283 404; x_wconf 75' lang='lat' dir='ltr'>tetur⁷</span> <span class='ocrx_word' id='word_1_59' title='bbox 307 369 384 407; x_wconf 90' lang='lat' dir='ltr'>quod</span> <span class='ocrx_word' id='word_1_60' title='bbox 407 373 589 407; x_wconf 86' lang='lat' dir='ltr'>compertum</span> <span class='ocrx_word' id='word_1_61' title='bbox 613 368 761 403; x_wconf 77' lang='lat' dir='ltr'>habuerit,</span> <span class='ocrx_word' id='word_1_62' title='bbox 784 378 859 407; x_wconf 82' lang='lat' dir='ltr'>equo</span> <span class='ocrx_word' id='word_1_63' title='bbox 881 373 968 407; x_wconf 89' lang='lat' dir='ltr'>atque</span> <span class='ocrx_word' id='word_1_64' title='bbox 989 369 1108 398; x_wconf 90' lang='lat' dir='ltr'>homine</span> <span class='ocrx_word' id='word_1_65' title='bbox 1131 377 1182 397; x_wconf 91' lang='lat' dir='ltr'>suo</span> <span class='ocrx_word' id='word_1_66' title='bbox 1199 368 1255 397; x_wconf 91' lang='lat' dir='ltr'>ritu</span> 
     </span>
     <span class='ocr_line' id='line_1_11' title="bbox 193 411 1256 450; baseline -0.001 -11"><span class='ocrx_word' id='word_1_67' title='bbox 193 411 348 440; x_wconf 87' lang='lat' dir='ltr'>immolatis</span> <span class='ocrx_word' id='word_1_68' title='bbox 371 420 423 450; x_wconf 88' lang='lat' dir='ltr'>per</span> <span class='ocrx_word' id='word_1_69' title='bbox 443 411 569 449; x_wconf 83' lang='lat' dir='ltr'>speciem</span> <span class='ocrx_word' id='word_1_70' title='bbox 592 411 672 449; x_wconf 80' lang='lat' dir='ltr'>pacis</span> <span class='ocrx_word' id='word_1_71' title='bbox 693 411 797 440; x_wconf 87' lang='lat' dir='ltr'>adoriri</span> <span class='ocrx_word' id='word_1_72' title='bbox 822 411 978 440; x_wconf 82' lang='lat' dir='ltr'>exercitum</span> <span class='ocrx_word' id='word_1_73' title='bbox 1000 420 1083 440; x_wconf 89' lang='lat' dir='ltr'>suum</span> <span class='ocrx_word' id='word_1_74' title='bbox 1108 411 1136 439; x_wconf 91' lang='lat' dir='ltr'>in</span> <span class='ocrx_word' id='word_1_75' title='bbox 1159 411 1256 439; x_wconf 91' lang='lat' dir='ltr'>animo</span> 
     </span>
     <span class='ocr_line' id='line_1_12' title="bbox 194 452 1258 491; baseline -0.002 -9"><span class='ocrx_word' id='word_1_76' title='bbox 194 453 338 482; x_wconf 84' lang='lat' dir='ltr'>habuisse.</span> <span class='ocrx_word' id='word_1_77' title='bbox 374 453 533 482; x_wconf 79' lang='lat' dir='ltr'>Andriscus</span> <span class='ocrx_word' id='word_1_78' title='bbox 550 453 682 491; x_wconf 84' lang='lat' dir='ltr'>quidam,</span> <span class='ocrx_word' id='word_1_79' title='bbox 706 453 823 482; x_wconf 87' lang='lat' dir='ltr'>ultimae</span> <span class='ocrx_word' id='word_1_80' title='bbox 840 453 925 482; x_wconf 88' lang='lat' dir='ltr'>sortis</span> <span class='ocrx_word' id='word_1_81' title='bbox 941 453 1043 489; x_wconf 78' lang='lat' dir='ltr'>homo,</span> <span class='ocrx_word' id='word_1_82' title='bbox 1067 452 1163 481; x_wconf 88' lang='lat' dir='ltr'>Persei</span> <span class='ocrx_word' id='word_1_83' title='bbox 1181 452 1258 490; x_wconf 88' lang='lat' dir='ltr'>regis</span> 
     </span>
     <span class='ocr_line' id='line_1_13' title="bbox 194 494 1257 534; baseline -0.001 -10"><span class='ocrx_word' id='word_1_84' title='bbox 194 504 221 524; x_wconf 86' lang='lat' dir='ltr'>se</span> <span class='ocrx_word' id='word_1_85' title='bbox 245 495 334 524; x_wconf 86' lang='lat' dir='ltr'>filium</span> <span class='ocrx_word' id='word_1_86' title='bbox 359 495 455 524; x_wconf 83' lang='lat' dir='ltr'>serens</span> <span class='ocrx_word' id='word_1_87' title='bbox 479 500 506 524; x_wconf 90' lang='lat' dir='ltr'>et</span> <span class='ocrx_word' id='word_1_88' title='bbox 528 499 638 524; x_wconf 86' lang='lat' dir='ltr'>mutato</span> <span class='ocrx_word' id='word_1_89' title='bbox 663 495 782 524; x_wconf 89' lang='lat' dir='ltr'>nomine</span> <span class='ocrx_word' id='word_1_90' title='bbox 800 495 953 534; x_wconf 82' lang='lat' dir='ltr'>Philippus</span> <span class='ocrx_word' id='word_1_91' title='bbox 975 500 1108 529; x_wconf 82' lang='lat' dir='ltr'>vocatus,</span> <span class='ocrx_word' id='word_1_92' title='bbox 1133 503 1198 524; x_wconf 85' lang='lat' dir='ltr'>cum</span> <span class='ocrx_word' id='word_1_93' title='bbox 1222 494 1257 523; x_wconf 86' lang='lat' dir='ltr'>ab</span> 
     </span>
     <span class='ocr_line' id='line_1_14' title="bbox 194 536 1257 575; baseline -0.001 -9"><span class='ocrx_word' id='word_1_94' title='bbox 194 537 265 566; x_wconf 88' lang='lat' dir='ltr'>urbe</span> <span class='ocrx_word' id='word_1_95' title='bbox 283 537 372 566; x_wconf 84' lang='lat' dir='ltr'>Roma</span> <span class='ocrx_word' id='word_1_96' title='bbox 396 554 435 558; x_wconf 87' lang='lat'>——</span> <span class='ocrx_word' id='word_1_97' title='bbox 461 546 494 565; x_wconf 88' lang='lat' dir='ltr'>eo</span> <span class='ocrx_word' id='word_1_98' title='bbox 518 536 599 566; x_wconf 90' lang='lat' dir='ltr'>illum</span> <span class='ocrx_word' id='word_1_99' title='bbox 616 537 794 572; x_wconf 72' lang='lat' dir='ltr'>Demetrius,</span> <span class='ocrx_word' id='word_1_100' title='bbox 819 538 917 575; x_wconf 76' lang='lat' dir='ltr'>Syriae</span> <span class='ocrx_word' id='word_1_101' title='bbox 940 547 1005 573; x_wconf 85' lang='lat' dir='ltr'>rex,</span> <span class='ocrx_word' id='word_1_102' title='bbox 1030 537 1066 566; x_wconf 91' lang='lat' dir='ltr'>ob</span> <span class='ocrx_word' id='word_1_103' title='bbox 1084 537 1139 565; x_wconf 90' lang='lat' dir='ltr'>hoc</span> <span class='ocrx_word' id='word_1_104' title='bbox 1162 537 1257 575; x_wconf 91' lang='lat' dir='ltr'>ipsum</span> 
     </span>
     <span class='ocr_line' id='line_1_15' title="bbox 194 578 1258 618; baseline -0.002 -10"><span class='ocrx_word' id='word_1_105' title='bbox 194 580 376 608; x_wconf 79' lang='lat' dir='ltr'>mendacium</span> <span class='ocrx_word' id='word_1_106' title='bbox 401 579 516 609; x_wconf 87' lang='lat' dir='ltr'>miserat</span> <span class='ocrx_word' id='word_1_107' title='bbox 533 596 573 600; x_wconf 89' lang='lat'><em>—</em></span> <span class='ocrx_word' id='word_1_108' title='bbox 589 579 661 608; x_wconf 89' lang='lat' dir='ltr'>clam</span> <span class='ocrx_word' id='word_1_109' title='bbox 684 579 873 618; x_wconf 73' lang='lat' dir='ltr'>profugisset,</span> <span class='ocrx_word' id='word_1_110' title='bbox 896 579 994 608; x_wconf 89' lang='lat' dir='ltr'>multis</span> <span class='ocrx_word' id='word_1_111' title='bbox 1015 580 1049 609; x_wconf 85' lang='lat' dir='ltr'>ad</span> <span class='ocrx_word' id='word_1_112' title='bbox 1074 579 1173 608; x_wconf 79' lang='lat' dir='ltr'>salsam</span> <span class='ocrx_word' id='word_1_113' title='bbox 1197 578 1258 607; x_wconf 83' lang='lat' dir='ltr'>eius</span> 
     </span>
     <span class='ocr_line' id='line_1_16' title="bbox 195 621 1259 657; baseline -0.001 -7"><span class='ocrx_word' id='word_1_114' title='bbox 195 621 318 650; x_wconf 78' lang='lat' dir='ltr'>fabulam</span> <span class='ocrx_word' id='word_1_115' title='bbox 346 621 420 650; x_wconf 85' lang='lat' dir='ltr'>velut</span> <span class='ocrx_word' id='word_1_116' title='bbox 443 622 477 651; x_wconf 83' lang='lat' dir='ltr'>ad</span> <span class='ocrx_word' id='word_1_117' title='bbox 499 631 594 651; x_wconf 83' lang='lat' dir='ltr'>veram</span> <span class='ocrx_word' id='word_1_118' title='bbox 618 621 806 657; x_wconf 82' lang='lat' dir='ltr'>coeuntibus,</span> <span class='ocrx_word' id='word_1_119' title='bbox 837 626 987 651; x_wconf 87' lang='lat' dir='ltr'>contracto</span> <span class='ocrx_word' id='word_1_120' title='bbox 1019 621 1145 650; x_wconf 84' lang='lat' dir='ltr'>exercitu</span> <span class='ocrx_word' id='word_1_121' title='bbox 1171 625 1259 649; x_wconf 83' lang='lat' dir='ltr'>totam</span> 
     </span>
     <span class='ocr_line' id='line_1_17' title="bbox 192 663 1256 702; baseline -0.001 -10"><span class='ocrx_word' id='word_1_122' title='bbox 192 664 392 693; x_wconf 87' lang='lat' dir='ltr'>Macedoniam</span> <span class='ocrx_word' id='word_1_123' title='bbox 409 668 455 692; x_wconf 86' lang='lat' dir='ltr'>aut</span> <span class='ocrx_word' id='word_1_124' title='bbox 472 664 619 692; x_wconf 85' lang='lat' dir='ltr'>voluntate</span> <span class='ocrx_word' id='word_1_125' title='bbox 636 663 826 692; x_wconf 73' lang='lat' dir='ltr'>incolentium</span> <span class='ocrx_word' id='word_1_126' title='bbox 843 668 891 693; x_wconf 88' lang='lat' dir='ltr'>aut</span> <span class='ocrx_word' id='word_1_127' title='bbox 907 664 993 693; x_wconf 86' lang='lat' dir='ltr'>armis</span> <span class='ocrx_word' id='word_1_128' title='bbox 1010 663 1170 702; x_wconf 83' lang='lat' dir='ltr'>occupavit.</span> <span class='ocrx_word' id='word_1_129' title='bbox 1205 663 1256 699; x_wconf 75' lang='lat' dir='ltr'>[sa-</span> 
     </span>
     <span class='ocr_line' id='line_1_18' title="bbox 193 705 1256 743; baseline -0.001 -9"><span class='ocrx_word' id='word_1_130' title='bbox 193 706 290 734; x_wconf 91' lang='lat' dir='ltr'>bulam</span> <span class='ocrx_word' id='word_1_131' title='bbox 307 710 403 734; x_wconf 89' lang='lat' dir='ltr'>autem</span> <span class='ocrx_word' id='word_1_132' title='bbox 421 705 504 734; x_wconf 89' lang='lat' dir='ltr'>talem</span> <span class='ocrx_word' id='word_1_133' title='bbox 522 706 658 734; x_wconf 81' lang='lat' dir='ltr'>finxerat:</span> <span class='ocrx_word' id='word_1_134' title='bbox 683 715 716 734; x_wconf 82' lang='lat' dir='ltr'>ex</span> <span class='ocrx_word' id='word_1_135' title='bbox 733 705 843 743; x_wconf 86' lang='lat' dir='ltr'>paelice</span> <span class='ocrx_word' id='word_1_136' title='bbox 859 715 889 734; x_wconf 88' lang='lat' dir='ltr'>se</span> <span class='ocrx_word' id='word_1_137' title='bbox 906 710 930 735; x_wconf 79' lang='lat' dir='ltr'>et</span> <span class='ocrx_word' id='word_1_138' title='bbox 944 706 1048 734; x_wconf 80' lang='lat' dir='ltr'>Perseo</span> <span class='ocrx_word' id='word_1_139' title='bbox 1067 714 1133 743; x_wconf 84' lang='lat' dir='ltr'>rege</span> <span class='ocrx_word' id='word_1_140' title='bbox 1150 709 1256 739; x_wconf 83' lang='lat' dir='ltr'>ortum⁷</span> 
     </span>
     <span class='ocr_line' id='line_1_19' title="bbox 195 746 1258 784; baseline -0.001 -8"><span class='ocrx_word' id='word_1_141' title='bbox 195 748 329 776; x_wconf 89' lang='lat' dir='ltr'>traditum</span> <span class='ocrx_word' id='word_1_142' title='bbox 343 747 524 776; x_wconf 81' lang='lat' dir='ltr'>educandum</span> <span class='ocrx_word' id='word_1_143' title='bbox 539 747 669 776; x_wconf 84' lang='lat' dir='ltr'>Cretensi</span> <span class='ocrx_word' id='word_1_144' title='bbox 683 747 796 776; x_wconf 87' lang='lat' dir='ltr'>cuidam</span> <span class='ocrx_word' id='word_1_145' title='bbox 812 756 882 783; x_wconf 77' lang='lat' dir='ltr'>esse,</span> <span class='ocrx_word' id='word_1_146' title='bbox 900 752 931 776; x_wconf 93' lang='lat' dir='ltr'>ut</span> <span class='ocrx_word' id='word_1_147' title='bbox 948 747 976 776; x_wconf 90' lang='lat' dir='ltr'>in</span> <span class='ocrx_word' id='word_1_148' title='bbox 991 747 1057 775; x_wconf 88' lang='lat' dir='ltr'>belli</span> <span class='ocrx_word' id='word_1_149' title='bbox 1071 756 1164 781; x_wconf 76' lang='lat' dir='ltr'>casuS,</span> <span class='ocrx_word' id='word_1_150' title='bbox 1182 746 1258 784; x_wconf 89' lang='lat' dir='ltr'>quod</span> 
     </span>
     <span class='ocr_line' id='line_1_20' title="bbox 195 789 1259 828; baseline -0.001 -10"><span class='ocrx_word' id='word_1_151' title='bbox 195 789 242 818; x_wconf 87' lang='lat' dir='ltr'>ille</span> <span class='ocrx_word' id='word_1_152' title='bbox 259 799 324 819; x_wconf 90' lang='lat' dir='ltr'>cum</span> <span class='ocrx_word' id='word_1_153' title='bbox 342 789 480 818; x_wconf 81' lang='lat' dir='ltr'>Romanis</span> <span class='ocrx_word' id='word_1_154' title='bbox 496 793 626 827; x_wconf 73' lang='lat' dir='ltr'>gereret,</span> <span class='ocrx_word' id='word_1_155' title='bbox 642 789 758 827; x_wconf 84' lang='lat' dir='ltr'>aliquod</span> <span class='ocrx_word' id='word_1_156' title='bbox 777 789 854 818; x_wconf 86' lang='lat' dir='ltr'>velut</span> <span class='ocrx_word' id='word_1_157' title='bbox 870 798 967 818; x_wconf 89' lang='lat' dir='ltr'>semen</span> <span class='ocrx_word' id='word_1_158' title='bbox 985 789 1084 828; x_wconf 82' lang='lat' dir='ltr'>stirpis</span> <span class='ocrx_word' id='word_1_159' title='bbox 1100 789 1194 826; x_wconf 80' lang='lat' dir='ltr'>regiae</span> <span class='ocrx_word' id='word_1_160' title='bbox 1211 797 1259 817; x_wconf 84' lang='lat' dir='ltr'>ex-</span> 
     </span>
     <span class='ocr_line' id='line_1_21' title="bbox 196 831 1259 869; baseline -0.001 -9"><span class='ocrx_word' id='word_1_161' title='bbox 196 836 276 861; x_wconf 87' lang='lat' dir='ltr'>taret.</span> <span class='ocrx_word' id='word_1_162' title='bbox 310 832 467 869; x_wconf 65' lang='lat' dir='ltr'>Adramytti</span> <span class='ocrx_word' id='word_1_163' title='bbox 485 841 515 860; x_wconf 87' lang='lat' dir='ltr'>se</span> <span class='ocrx_word' id='word_1_164' title='bbox 539 832 690 860; x_wconf 84' lang='lat' dir='ltr'>educatum</span> <span class='ocrx_word' id='word_1_165' title='bbox 708 841 800 869; x_wconf 88' lang='lat' dir='ltr'>usque</span> <span class='ocrx_word' id='word_1_166' title='bbox 823 831 856 860; x_wconf 88' lang='lat' dir='ltr'>ad</span> <span class='ocrx_word' id='word_1_167' title='bbox 874 831 1076 860; x_wconf 85' lang='lat' dir='ltr'>duodecimum</span> <span class='ocrx_word' id='word_1_168' title='bbox 1093 831 1192 860; x_wconf 87' lang='lat' dir='ltr'>aetatis</span> <span class='ocrx_word' id='word_1_169' title='bbox 1208 839 1259 859; x_wconf 87' lang='lat' dir='ltr'>an-</span> 
     </span>
     <span class='ocr_line' id='line_1_22' title="bbox 194 873 1259 912; baseline -0.002 -9"><span class='ocrx_word' id='word_1_170' title='bbox 194 883 280 909; x_wconf 78' lang='lat' dir='ltr'>num,</span> <span class='ocrx_word' id='word_1_171' title='bbox 304 878 414 912; x_wconf 78' lang='lat' dir='ltr'>patrem</span> <span class='ocrx_word' id='word_1_172' title='bbox 433 883 498 902; x_wconf 86' lang='lat' dir='ltr'>eum</span> <span class='ocrx_word' id='word_1_173' title='bbox 516 883 578 902; x_wconf 87' lang='lat' dir='ltr'>esse</span> <span class='ocrx_word' id='word_1_174' title='bbox 595 874 777 908; x_wconf 80' lang='lat' dir='ltr'>credentem,</span> <span class='ocrx_word' id='word_1_175' title='bbox 802 882 816 902; x_wconf 88' lang='lat' dir='ltr'>a</span> <span class='ocrx_word' id='word_1_176' title='bbox 834 883 891 912; x_wconf 92' lang='lat' dir='ltr'>quo</span> <span class='ocrx_word' id='word_1_177' title='bbox 915 874 1101 908; x_wconf 78' lang='lat' dir='ltr'>educaretur,</span> <span class='ocrx_word' id='word_1_178' title='bbox 1126 873 1259 910; x_wconf 83' lang='lat' dir='ltr'>ignarum</span> 
     </span>
     <span class='ocr_line' id='line_1_23' title="bbox 196 915 1258 954; baseline -0.002 -9"><span class='ocrx_word' id='word_1_179' title='bbox 196 916 311 954; x_wconf 81' lang='lat' dir='ltr'>generis</span> <span class='ocrx_word' id='word_1_180' title='bbox 336 916 424 944; x_wconf 80' lang='lat' dir='ltr'>fuisse</span> <span class='ocrx_word' id='word_1_181' title='bbox 448 916 502 945; x_wconf 82' lang='lat' dir='ltr'>sui.</span> <span class='ocrx_word' id='word_1_182' title='bbox 537 916 648 945; x_wconf 79' lang='lat' dir='ltr'>adfecto</span> <span class='ocrx_word' id='word_1_183' title='bbox 665 916 769 944; x_wconf 85' lang='lat' dir='ltr'>deinde</span> <span class='ocrx_word' id='word_1_184' title='bbox 794 925 843 950; x_wconf 74' lang='lat'>00,</span> <span class='ocrx_word' id='word_1_185' title='bbox 867 925 931 944; x_wconf 90' lang='lat' dir='ltr'>cum</span> <span class='ocrx_word' id='word_1_186' title='bbox 955 925 1046 954; x_wconf 88' lang='lat' dir='ltr'>prope</span> <span class='ocrx_word' id='word_1_187' title='bbox 1070 915 1103 944; x_wconf 88' lang='lat' dir='ltr'>ad</span> <span class='ocrx_word' id='word_1_188' title='bbox 1125 915 1258 943; x_wconf 87' lang='lat' dir='ltr'>ultimum</span> 
     </span>
     <span class='ocr_line' id='line_1_24' title="bbox 196 957 1259 995; baseline -0.002 -8"><span class='ocrx_word' id='word_1_189' title='bbox 196 959 282 987; x_wconf 86' lang='lat' dir='ltr'>finem</span> <span class='ocrx_word' id='word_1_190' title='bbox 300 958 372 987; x_wconf 85' lang='lat' dir='ltr'>vitae</span> <span class='ocrx_word' id='word_1_191' title='bbox 390 963 480 993; x_wconf 76' lang='lat' dir='ltr'>esset,</span> <span class='ocrx_word' id='word_1_192' title='bbox 504 958 644 987; x_wconf 87' lang='lat' dir='ltr'>detectam</span> <span class='ocrx_word' id='word_1_193' title='bbox 661 957 699 986; x_wconf 91' lang='lat' dir='ltr'>ibi</span> <span class='ocrx_word' id='word_1_194' title='bbox 724 958 839 986; x_wconf 85' lang='lat' dir='ltr'>tandem</span> <span class='ocrx_word' id='word_1_195' title='bbox 856 958 997 995; x_wconf 85' lang='lat' dir='ltr'>originem</span> <span class='ocrx_word' id='word_1_196' title='bbox 1016 966 1096 986; x_wconf 89' lang='lat' dir='ltr'>suam</span> <span class='ocrx_word' id='word_1_197' title='bbox 1114 957 1259 995; x_wconf 82' lang='lat' dir='ltr'>salsaeque</span> 
     </span>
     <span class='ocr_line' id='line_1_25' title="bbox 196 999 1260 1039; baseline -0.003 -9"><span class='ocrx_word' id='word_1_198' title='bbox 196 1000 280 1030; x_wconf 82' lang='lat' dir='ltr'>matri</span> <span class='ocrx_word' id='word_1_199' title='bbox 297 1000 426 1029; x_wconf 90' lang='lat' dir='ltr'>libellum</span> <span class='ocrx_word' id='word_1_200' title='bbox 444 1000 540 1029; x_wconf 86' lang='lat' dir='ltr'>datum</span> <span class='ocrx_word' id='word_1_201' title='bbox 558 1000 641 1037; x_wconf 82' lang='lat' dir='ltr'>signo</span> <span class='ocrx_word' id='word_1_202' title='bbox 654 999 750 1028; x_wconf 87' lang='lat' dir='ltr'>Persei</span> <span class='ocrx_word' id='word_1_203' title='bbox 767 1000 844 1039; x_wconf 81' lang='lat' dir='ltr'>regis</span> <span class='ocrx_word' id='word_1_204' title='bbox 860 999 1015 1037; x_wconf 80' lang='lat' dir='ltr'>signatum⁷</span> <span class='ocrx_word' id='word_1_205' title='bbox 1033 1008 1118 1038; x_wconf 86' lang='lat' dir='ltr'>quem</span> <span class='ocrx_word' id='word_1_206' title='bbox 1135 999 1188 1027; x_wconf 83' lang='lat' dir='ltr'>sibi</span> <span class='ocrx_word' id='word_1_207' title='bbox 1201 1003 1260 1027; x_wconf 85' lang='lat' dir='ltr'>tra-</span> 
     </span>
     <span class='ocr_line' id='line_1_26' title="bbox 197 1040 1261 1081; baseline -0.002 -10"><span class='ocrx_word' id='word_1_208' title='bbox 197 1043 285 1078; x_wconf 79' lang='lat' dir='ltr'>deret,</span> <span class='ocrx_word' id='word_1_209' title='bbox 303 1052 368 1071; x_wconf 91' lang='lat' dir='ltr'>cum</span> <span class='ocrx_word' id='word_1_210' title='bbox 382 1043 415 1071; x_wconf 85' lang='lat' dir='ltr'>ad</span> <span class='ocrx_word' id='word_1_211' title='bbox 430 1042 570 1081; x_wconf 85' lang='lat' dir='ltr'>puberem</span> <span class='ocrx_word' id='word_1_212' title='bbox 583 1046 703 1070; x_wconf 85' lang='lat' dir='ltr'>aetatem</span> <span class='ocrx_word' id='word_1_213' title='bbox 716 1042 851 1077; x_wconf 81' lang='lat' dir='ltr'>venisset,</span> <span class='ocrx_word' id='word_1_214' title='bbox 868 1042 1134 1079; x_wconf 85' lang='lat' dir='ltr'>obtestationesque</span> <span class='ocrx_word' id='word_1_215' title='bbox 1146 1040 1261 1070; x_wconf 89' lang='lat' dir='ltr'>ultimas</span> 
     </span>
     <span class='ocr_line' id='line_1_27' title="bbox 195 1083 1261 1122; baseline -0.002 -9"><span class='ocrx_word' id='word_1_216' title='bbox 195 1085 336 1119; x_wconf 81' lang='lat' dir='ltr'>adiectas,</span> <span class='ocrx_word' id='word_1_217' title='bbox 360 1088 391 1113; x_wconf 90' lang='lat' dir='ltr'>ut</span> <span class='ocrx_word' id='word_1_218' title='bbox 414 1093 461 1113; x_wconf 86' lang='lat' dir='ltr'>res</span> <span class='ocrx_word' id='word_1_219' title='bbox 479 1085 507 1113; x_wconf 91' lang='lat' dir='ltr'>in</span> <span class='ocrx_word' id='word_1_220' title='bbox 526 1084 639 1113; x_wconf 86' lang='lat' dir='ltr'>occulto</span> <span class='ocrx_word' id='word_1_221' title='bbox 657 1084 690 1112; x_wconf 91' lang='lat' dir='ltr'>ad</span> <span class='ocrx_word' id='word_1_222' title='bbox 707 1084 733 1112; x_wconf 93' lang='lat' dir='ltr'>id</span> <span class='ocrx_word' id='word_1_223' title='bbox 751 1088 867 1122; x_wconf 87' lang='lat' dir='ltr'>tempus</span> <span class='ocrx_word' id='word_1_224' title='bbox 883 1089 1053 1113; x_wconf 86' lang='lat' dir='ltr'>servaretur.</span> <span class='ocrx_word' id='word_1_225' title='bbox 1088 1083 1261 1121; x_wconf 86' lang='lat' dir='ltr'>pubescenti</span> 
     </span>
     <span class='ocr_line' id='line_1_28' title="bbox 197 1125 1261 1163; baseline -0.001 -8"><span class='ocrx_word' id='word_1_226' title='bbox 197 1126 327 1156; x_wconf 89' lang='lat' dir='ltr'>libellum</span> <span class='ocrx_word' id='word_1_227' title='bbox 345 1126 496 1161; x_wconf 83' lang='lat' dir='ltr'>traditum,</span> <span class='ocrx_word' id='word_1_228' title='bbox 514 1127 543 1155; x_wconf 93' lang='grc'>111</span> <span class='ocrx_word' id='word_1_229' title='bbox 561 1135 619 1163; x_wconf 89' lang='lat' dir='ltr'>quo</span> <span class='ocrx_word' id='word_1_230' title='bbox 636 1125 728 1154; x_wconf 85' lang='lat' dir='ltr'>relicti</span> <span class='ocrx_word' id='word_1_231' title='bbox 746 1125 799 1154; x_wconf 90' lang='lat' dir='ltr'>sibi</span> <span class='ocrx_word' id='word_1_232' title='bbox 817 1126 874 1155; x_wconf 91' lang='lat' dir='ltr'>duo</span> <span class='ocrx_word' id='word_1_233' title='bbox 892 1126 1038 1155; x_wconf 87' lang='lat' dir='ltr'>thensauri</span> <span class='ocrx_word' id='word_1_234' title='bbox 1056 1135 1070 1154; x_wconf 85' lang='lat' dir='ltr'>a</span> <span class='ocrx_word' id='word_1_235' title='bbox 1087 1129 1168 1163; x_wconf 87' lang='lat' dir='ltr'>patre</span> <span class='ocrx_word' id='word_1_236' title='bbox 1184 1125 1261 1154; x_wconf 86' lang='lat' dir='ltr'>dice-</span> 
     </span>
     <span class='ocr_line' id='line_1_29' title="bbox 196 1167 1261 1206; baseline -0.002 -8"><span class='ocrx_word' id='word_1_237' title='bbox 196 1174 308 1198; x_wconf 86' lang='lat' dir='ltr'>rentur.</span> <span class='ocrx_word' id='word_1_238' title='bbox 342 1173 402 1197; x_wconf 89' lang='lat' dir='ltr'>tum</span> <span class='ocrx_word' id='word_1_239' title='bbox 420 1168 521 1197; x_wconf 88' lang='lat' dir='ltr'>scienti</span> <span class='ocrx_word' id='word_1_240' title='bbox 540 1168 690 1197; x_wconf 77' lang='lat' dir='ltr'>mulierem</span> <span class='ocrx_word' id='word_1_241' title='bbox 708 1177 770 1196; x_wconf 89' lang='lat' dir='ltr'>sese</span> <span class='ocrx_word' id='word_1_242' title='bbox 783 1167 930 1197; x_wconf 88' lang='lat' dir='ltr'>subditum</span> <span class='ocrx_word' id='word_1_243' title='bbox 944 1177 1017 1202; x_wconf 83' lang='lat' dir='ltr'>esse,</span> <span class='ocrx_word' id='word_1_244' title='bbox 1033 1176 1128 1196; x_wconf 85' lang='lat' dir='ltr'>veram</span> <span class='ocrx_word' id='word_1_245' title='bbox 1142 1167 1261 1206; x_wconf 82' lang='lat' dir='ltr'>stirpem</span> 
     </span>
     <span class='ocr_line' id='line_1_30' title="bbox 197 1209 1299 1249; baseline -0.002 -10"><span class='ocrx_word' id='word_1_246' title='bbox 197 1210 342 1249; x_wconf 83' lang='lat' dir='ltr'>ignoranti</span> <span class='ocrx_word' id='word_1_247' title='bbox 357 1210 480 1239; x_wconf 83' lang='lat' dir='ltr'>edidisse</span> <span class='ocrx_word' id='word_1_248' title='bbox 493 1219 585 1248; x_wconf 83' lang='lat' dir='ltr'>genus</span> <span class='ocrx_word' id='word_1_249' title='bbox 596 1215 682 1248; x_wconf 87' lang='lat' dir='ltr'>atque</span> <span class='ocrx_word' id='word_1_250' title='bbox 695 1209 877 1246; x_wconf 85' lang='lat' dir='ltr'>obtestatam,</span> <span class='ocrx_word' id='word_1_251' title='bbox 895 1215 934 1245; x_wconf 84' lang='lat' dir='ltr'>ut,</span> <span class='ocrx_word' id='word_1_252' title='bbox 952 1210 1119 1249; x_wconf 87' lang='lat' dir='ltr'>priusquam</span> <span class='ocrx_word' id='word_1_253' title='bbox 1132 1213 1262 1238; x_wconf 88' lang='lat' dir='ltr'>manaret</span> <span class='ocrx_word' id='word_1_254' title='bbox 1294 1230 1299 1235; x_wconf 92' lang='lat'>.</span> 
     </span>
     <span class='ocr_line' id='line_1_31' title="bbox 197 1251 1260 1287; baseline -0.002 -5"><span class='ocrx_word' id='word_1_255' title='bbox 197 1255 230 1282; x_wconf 88' lang='lat' dir='ltr'>ad</span> <span class='ocrx_word' id='word_1_256' title='bbox 248 1253 399 1282; x_wconf 87' lang='lat' dir='ltr'>Eumenen</span> <span class='ocrx_word' id='word_1_257' title='bbox 420 1262 466 1281; x_wconf 85' lang='lat' dir='ltr'>res</span> <span class='ocrx_word' id='word_1_258' title='bbox 482 1252 587 1281; x_wconf 86' lang='lat' dir='ltr'>Perseo</span> <span class='ocrx_word' id='word_1_259' title='bbox 605 1252 765 1287; x_wconf 80' lang='lat' dir='ltr'>inimicum⁷</span> <span class='ocrx_word' id='word_1_260' title='bbox 783 1253 933 1281; x_wconf 80' lang='lat' dir='ltr'>excederet</span> <span class='ocrx_word' id='word_1_261' title='bbox 951 1253 992 1281; x_wconf 88' lang='lat' dir='ltr'>eis</span> <span class='ocrx_word' id='word_1_262' title='bbox 1008 1252 1094 1286; x_wconf 83' lang='lat' dir='ltr'>loeis,</span> <span class='ocrx_word' id='word_1_263' title='bbox 1119 1261 1154 1280; x_wconf 89' lang='lat' dir='ltr'>ne</span> <span class='ocrx_word' id='word_1_264' title='bbox 1171 1251 1260 1280; x_wconf 87' lang='lat' dir='ltr'>inter-</span> 
     </span>
     <span class='ocr_line' id='line_1_32' title="bbox 197 1293 1260 1333; baseline -0.002 -9"><span class='ocrx_word' id='word_1_265' title='bbox 197 1296 341 1324; x_wconf 81' lang='lat' dir='ltr'>ficeretur.</span> <span class='ocrx_word' id='word_1_266' title='bbox 377 1303 409 1323; x_wconf 90' lang='lat' dir='ltr'>eo</span> <span class='ocrx_word' id='word_1_267' title='bbox 428 1304 458 1323; x_wconf 91' lang='lat' dir='ltr'>se</span> <span class='ocrx_word' id='word_1_268' title='bbox 475 1295 652 1329; x_wconf 83' lang='lat' dir='ltr'>exterritum,</span> <span class='ocrx_word' id='word_1_269' title='bbox 670 1294 755 1323; x_wconf 87' lang='lat' dir='ltr'>simul</span> <span class='ocrx_word' id='word_1_270' title='bbox 772 1299 936 1333; x_wconf 84' lang='lat' dir='ltr'>sperantem</span> <span class='ocrx_word' id='word_1_271' title='bbox 954 1294 1070 1332; x_wconf 84' lang='lat' dir='ltr'>aliquod</span> <span class='ocrx_word' id='word_1_272' title='bbox 1087 1303 1101 1322; x_wconf 86' lang='lat' dir='ltr'>a</span> <span class='ocrx_word' id='word_1_273' title='bbox 1116 1293 1260 1322; x_wconf 87' lang='lat' dir='ltr'>Demetrio</span> 
     </span>
     <span class='ocr_line' id='line_1_33' title="bbox 197 1336 1261 1375; baseline -0.002 -9"><span class='ocrx_word' id='word_1_274' title='bbox 197 1337 348 1372; x_wconf 81' lang='lat' dir='ltr'>auxilium,</span> <span class='ocrx_word' id='word_1_275' title='bbox 372 1337 400 1365; x_wconf 95' lang='grc'>111</span> <span class='ocrx_word' id='word_1_276' title='bbox 419 1337 530 1374; x_wconf 77' lang='lat' dir='ltr'>Syriam</span> <span class='ocrx_word' id='word_1_277' title='bbox 548 1346 577 1366; x_wconf 84' lang='lat' dir='ltr'>se</span> <span class='ocrx_word' id='word_1_278' title='bbox 594 1336 753 1365; x_wconf 85' lang='lat' dir='ltr'>contulisse</span> <span class='ocrx_word' id='word_1_279' title='bbox 770 1341 855 1374; x_wconf 90' lang='lat' dir='ltr'>atque</span> <span class='ocrx_word' id='word_1_280' title='bbox 872 1337 910 1365; x_wconf 93' lang='lat' dir='ltr'>ibi</span> <span class='ocrx_word' id='word_1_281' title='bbox 930 1337 1072 1375; x_wconf 75' lang='lat' dir='ltr'>primum,</span> <span class='ocrx_word' id='word_1_282' title='bbox 1097 1336 1161 1374; x_wconf 88' lang='lat' dir='ltr'>quis</span> <span class='ocrx_word' id='word_1_283' title='bbox 1177 1339 1261 1370; x_wconf 83' lang='lat' dir='ltr'>esset,</span> 
     </span>
     <span class='ocr_line' id='line_1_34' title="bbox 197 1380 617 1418; baseline -0.002 -10"><span class='ocrx_word' id='word_1_284' title='bbox 197 1380 290 1418; x_wconf 83' lang='lat' dir='ltr'>palam</span> <span class='ocrx_word' id='word_1_285' title='bbox 308 1388 479 1417; x_wconf 79' lang='lat' dir='ltr'>expromere</span> <span class='ocrx_word' id='word_1_286' title='bbox 495 1380 617 1415; x_wconf 67' lang='lat' dir='ltr'>ausum]</span> 
     </span>
    </p>
   </div>
   <div class='ocr_carea' id='block_1_6' title="bbox 197 1442 1262 1542">
    <p class='ocr_par' dir='ltr' id='par_1_6' title="bbox 197 1442 1262 1542">
     <span class='ocr_line' id='line_1_35' title="bbox 267 1442 1262 1475; baseline 0 -7"><span class='ocrx_word' id='word_1_287' title='bbox 267 1446 304 1469; x_wconf 78' lang='lat'>18.</span> <span class='ocrx_word' id='word_1_288' title='bbox 324 1446 410 1473; x_wconf 61' lang='lat' dir='ltr'>crioil]</span> <span class='ocrx_word' id='word_1_289' title='bbox 430 1444 492 1468; x_wconf 77' lang='lat' dir='ltr'>narb</span> <span class='ocrx_word' id='word_1_290' title='bbox 506 1443 570 1475; x_wconf 79' lang='lat' dir='ltr'>Mg.;</span> <span class='ocrx_word' id='word_1_291' title='bbox 590 1443 664 1468; x_wconf 82' lang='lat' dir='ltr'>Naz.:</span> <span class='ocrx_word' id='word_1_292' title='bbox 684 1444 787 1468; x_wconf 75' lang='lat' dir='ltr'>devicit.</span> <span class='ocrx_word' id='word_1_293' title='bbox 806 1458 839 1461; x_wconf 89' lang='lat'>—</span> <span class='ocrx_word' id='word_1_294' title='bbox 858 1445 897 1468; x_wconf 72' lang='lat'>24.</span> <span class='ocrx_word' id='word_1_295' title='bbox 918 1443 1103 1473; x_wconf 59' lang='lat' dir='ltr'>transferrent]</span> <span class='ocrx_word' id='word_1_296' title='bbox 1123 1443 1185 1467; x_wconf 79' lang='lat' dir='ltr'>nach</span> <span class='ocrx_word' id='word_1_297' title='bbox 1205 1442 1262 1471; x_wconf 62' lang='lat' dir='ltr'>Gn:</span> 
     </span>
     <span class='ocr_line' id='line_1_36' title="bbox 197 1477 1262 1507; baseline -0.002 -5"><span class='ocrx_word' id='word_1_298' title='bbox 197 1478 271 1503; x_wconf 77' lang='lat' dir='ltr'>Naz.:</span> <span class='ocrx_word' id='word_1_299' title='bbox 290 1478 509 1507; x_wconf 33' lang='lat' dir='ltr'>stww·mzt.*5s›.</span> <span class='ocrx_word' id='word_1_300' title='bbox 530 1479 616 1502; x_wconf 73' lang='lat' dir='ltr'>oratio</span> <span class='ocrx_word' id='word_1_301' title='bbox 636 1479 674 1507; x_wconf 54' lang='grc' dir='ltr'>ρει]</span> <span class='ocrx_word' id='word_1_302' title='bbox 695 1478 756 1502; x_wconf 82' lang='lat' dir='ltr'>nach</span> <span class='ocrx_word' id='word_1_303' title='bbox 771 1477 837 1505; x_wconf 78' lang='lat' dir='ltr'>th,;</span> <span class='ocrx_word' id='word_1_304' title='bbox 858 1477 1065 1501; x_wconf 73' lang='lat' dir='ltr'>Haudschristen:</span> <span class='ocrx_word' id='word_1_305' title='bbox 1085 1478 1172 1501; x_wconf 69' lang='lat' dir='ltr'>oratio</span> <span class='ocrx_word' id='word_1_306' title='bbox 1186 1479 1262 1501; x_wconf 79' lang='lat' dir='ltr'>et.—</span> 
     </span>
     <span class='ocr_line' id='line_1_37' title="bbox 197 1510 1262 1542; baseline -0.001 -7"><span class='ocrx_word' id='word_1_307' title='bbox 197 1514 237 1537; x_wconf 69' lang='lat'>(32.</span> <span class='ocrx_word' id='word_1_308' title='bbox 264 1520 292 1536; x_wconf 74' lang='lat' dir='ltr'>eo</span> <span class='ocrx_word' id='word_1_309' title='bbox 317 1512 400 1540; x_wconf 74' lang='lat' dir='ltr'>[llum]</span> <span class='ocrx_word' id='word_1_310' title='bbox 425 1512 488 1535; x_wconf 84' lang='lat' dir='ltr'>nach</span> <span class='ocrx_word' id='word_1_311' title='bbox 514 1511 605 1540; x_wconf 82' lang='lat' dir='ltr'>Wssb.;</span> <span class='ocrx_word' id='word_1_312' title='bbox 634 1511 707 1535; x_wconf 86' lang='lat' dir='ltr'>Naz.:</span> <span class='ocrx_word' id='word_1_313' title='bbox 737 1520 765 1535; x_wconf 76' lang='lat' dir='ltr'>eo</span> <span class='ocrx_word' id='word_1_314' title='bbox 793 1512 879 1539; x_wconf 62' lang='lat' dir='ltr'>illlum</span> <span class='ocrx_word' id='word_1_315' title='bbox 907 1511 971 1535; x_wconf 86' lang='lat' dir='ltr'>Jahn</span> <span class='ocrx_word' id='word_1_316' title='bbox 1000 1511 1045 1535; x_wconf 82' lang='lat' dir='ltr'>mit</span> <span class='ocrx_word' id='word_1_317' title='bbox 1068 1510 1115 1535; x_wconf 85' lang='lat' dir='ltr'>den</span> <span class='ocrx_word' id='word_1_318' title='bbox 1137 1511 1262 1542; x_wconf 76' lang='lat' dir='ltr'>jungercn</span> 
     </span>
    </p>
   </div>
   <div class='ocr_carea' id='block_1_7' title="bbox 197 1544 1261 1672">
    <p class='ocr_par' dir='ltr' id='par_1_7' title="bbox 197 1544 1261 1672">
     <span class='ocr_line' id='line_1_38' title="bbox 197 1544 1261 1576; baseline -0.002 -6"><span class='ocrx_word' id='word_1_319' title='bbox 197 1545 403 1571; x_wconf 85' lang='lat' dir='ltr'>Handschristen:</span> <span class='ocrx_word' id='word_1_320' title='bbox 428 1553 478 1576; x_wconf 80' lang='lat'><em>‘11¹⁰</em></span> <span class='ocrx_word' id='word_1_321' title='bbox 498 1545 579 1569; x_wconf 74' lang='lat' dir='ltr'>illum.</span> <span class='ocrx_word' id='word_1_322' title='bbox 598 1560 630 1562; x_wconf 96' lang='lat'><strong>—</strong></span> <span class='ocrx_word' id='word_1_323' title='bbox 649 1546 747 1570; x_wconf 72' lang='lat'>65-82</span> <span class='ocrx_word' id='word_1_324' title='bbox 767 1544 895 1574; x_wconf 74' lang='lat' dir='ltr'>(fabulam</span> <span class='ocrx_word' id='word_1_325' title='bbox 916 1547 1001 1568; x_wconf 76' lang='lat' dir='ltr'>autem</span> <span class='ocrx_word' id='word_1_326' title='bbox 1013 1564 1035 1569; x_wconf 90' lang='lat'>..</span> <span class='ocrx_word' id='word_1_327' title='bbox 1053 1546 1155 1573; x_wconf 80' lang='lat' dir='ltr'>ausum)</span> <span class='ocrx_word' id='word_1_328' title='bbox 1175 1545 1206 1568; x_wconf 87' lang='lat' dir='ltr'>ist</span> <span class='ocrx_word' id='word_1_329' title='bbox 1225 1544 1261 1568; x_wconf 85' lang='lat' dir='ltr'>als</span> 
     </span>
     <span class='ocr_line' id='line_1_39' title="bbox 197 1577 1261 1610; baseline -0.003 -6"><span class='ocrx_word' id='word_1_330' title='bbox 197 1580 287 1604; x_wconf 83' lang='lat' dir='ltr'>unecht</span> <span class='ocrx_word' id='word_1_331' title='bbox 312 1579 374 1603; x_wconf 86' lang='lat' dir='ltr'>nach</span> <span class='ocrx_word' id='word_1_332' title='bbox 394 1578 458 1603; x_wconf 83' lang='lat' dir='ltr'>Jahn</span> <span class='ocrx_word' id='word_1_333' title='bbox 482 1579 532 1603; x_wconf 87' lang='lat' dir='ltr'>und</span> <span class='ocrx_word' id='word_1_334' title='bbox 552 1578 609 1604; x_wconf 83' lang='lat' dir='ltr'>Wfl,</span> <span class='ocrx_word' id='word_1_335' title='bbox 635 1578 851 1610; x_wconf 64' lang='lat' dir='ltr'>eingeltlammert.</span> <span class='ocrx_word' id='word_1_336' title='bbox 871 1593 901 1596; x_wconf 81' lang='lat'>—</span> <span class='ocrx_word' id='word_1_337' title='bbox 922 1580 961 1604; x_wconf 65' lang='lat'>(36.</span> <span class='ocrx_word' id='word_1_338' title='bbox 984 1579 1093 1609; x_wconf 72' lang='lat' dir='ltr'>paelice]</span> <span class='ocrx_word' id='word_1_339' title='bbox 1118 1578 1162 1602; x_wconf 83' lang='lat' dir='ltr'>init</span> <span class='ocrx_word' id='word_1_340' title='bbox 1188 1577 1261 1606; x_wconf 84' lang='lat' dir='ltr'>Naz.;</span> 
     </span>
     <span class='ocr_line' id='line_1_40' title="bbox 197 1611 1261 1672; baseline -0.002 -35"><span class='ocrx_word' id='word_1_341' title='bbox 197 1614 270 1672; x_wconf 66' lang='lat' dir='ltr'>JNaahzn</span> <span class='ocrx_word' id='word_1_342' title='bbox 287 1613 341 1670; x_wconf 49' lang='lat' dir='ltr'>igibti</span> <span class='ocrx_word' id='word_1_343' title='bbox 355 1613 401 1637; x_wconf 81' lang='lat' dir='ltr'>den</span> <span class='ocrx_word' id='word_1_344' title='bbox 424 1613 548 1644; x_wconf 68' lang='lat' dir='ltr'>junget-on</span> <span class='ocrx_word' id='word_1_345' title='bbox 574 1612 690 1637; x_wconf 86' lang='lat' dir='ltr'>Hdschr.:</span> <span class='ocrx_word' id='word_1_346' title='bbox 711 1613 813 1644; x_wconf 71' lang='lat' dir='ltr'>pellice.</span> <span class='ocrx_word' id='word_1_347' title='bbox 832 1627 864 1629; x_wconf 83' lang='lat'>—</span> <span class='ocrx_word' id='word_1_348' title='bbox 884 1613 923 1637; x_wconf 78' lang='lat'>72.</span> <span class='ocrx_word' id='word_1_349' title='bbox 944 1613 988 1641; x_wconf 75' lang='lat' dir='ltr'>lbi]</span> <span class='ocrx_word' id='word_1_350' title='bbox 1013 1612 1075 1636; x_wconf 84' lang='lat' dir='ltr'>uach</span> <span class='ocrx_word' id='word_1_351' title='bbox 1102 1611 1261 1640; x_wconf 80' lang='lat' dir='ltr'>Perizonius;</span> 
     </span>
    </p>
   </div>
   <div class='ocr_carea' id='block_1_8' title="bbox 199 1713 1261 1836">
    <p class='ocr_par' dir='ltr' id='par_1_8' title="bbox 199 1713 1261 1836">
     <span class='ocr_line' id='line_1_41' title="bbox 283 1713 1261 1753; baseline -0.002 -9"><span class='ocrx_word' id='word_1_352' title='bbox 283 1714 355 1750; x_wconf 68' lang='grc'><strong>*15)</strong></span> <span class='ocrx_word' id='word_1_353' title='bbox 378 1714 419 1743; x_wconf 90' lang='lat' dir='ltr'>De</span> <span class='ocrx_word' id='word_1_354' title='bbox 448 1719 616 1753; x_wconf 87' lang='lat' dir='ltr'>quartorum</span> <span class='ocrx_word' id='word_1_355' title='bbox 646 1715 779 1743; x_wconf 90' lang='lat' dir='ltr'>ludorum</span> <span class='ocrx_word' id='word_1_356' title='bbox 809 1714 1024 1751; x_wconf 83' lang='lat' dir='ltr'>(saecularium)</span> <span class='ocrx_word' id='word_1_357' title='bbox 1052 1722 1128 1743; x_wconf 86' lang='lat' dir='ltr'>anno</span> <span class='ocrx_word' id='word_1_358' title='bbox 1157 1713 1261 1752; x_wconf 83' lang='lat' dir='ltr'>triplex</span> 
     </span>
     <span class='ocr_line' id='line_1_42' title="bbox 199 1755 1261 1796; baseline -0.002 -10"><span class='ocrx_word' id='word_1_359' title='bbox 199 1757 298 1796; x_wconf 89' lang='lat' dir='ltr'>opinio</span> <span class='ocrx_word' id='word_1_360' title='bbox 323 1762 375 1786; x_wconf 89' lang='lat' dir='ltr'>est.</span> <span class='ocrx_word' id='word_1_361' title='bbox 411 1757 510 1785; x_wconf 81' lang='lat' dir='ltr'>Antias</span> <span class='ocrx_word' id='word_1_362' title='bbox 534 1757 609 1786; x_wconf 88' lang='lat' dir='ltr'>enim</span> <span class='ocrx_word' id='word_1_363' title='bbox 634 1761 660 1786; x_wconf 88' lang='lat' dir='ltr'>et</span> <span class='ocrx_word' id='word_1_364' title='bbox 678 1756 765 1785; x_wconf 88' lang='lat' dir='ltr'>Varro</span> <span class='ocrx_word' id='word_1_365' title='bbox 788 1761 813 1785; x_wconf 79' lang='lat' dir='ltr'>et</span> <span class='ocrx_word' id='word_1_366' title='bbox 831 1756 927 1785; x_wconf 77' lang='lat' dir='ltr'>Livius</span> <span class='ocrx_word' id='word_1_367' title='bbox 949 1756 1054 1785; x_wconf 86' lang='lat' dir='ltr'>relatos</span> <span class='ocrx_word' id='word_1_368' title='bbox 1077 1765 1138 1784; x_wconf 86' lang='lat' dir='ltr'>esse</span> <span class='ocrx_word' id='word_1_369' title='bbox 1163 1755 1261 1794; x_wconf 90' lang='lat' dir='ltr'>prodi-</span> 
     </span>
     <span class='ocr_line' id='line_1_43' title="bbox 199 1797 1259 1836; baseline -0.003 -8"><span class='ocrx_word' id='word_1_370' title='bbox 199 1800 302 1828; x_wconf 86' lang='lat' dir='ltr'>derunt</span> <span class='ocrx_word' id='word_1_371' title='bbox 320 1799 351 1828; x_wconf 91' lang='lat' dir='ltr'>L.</span> <span class='ocrx_word' id='word_1_372' title='bbox 365 1799 472 1828; x_wconf 81' lang='lat' dir='ltr'>Marcio</span> <span class='ocrx_word' id='word_1_373' title='bbox 489 1799 651 1828; x_wconf 81' lang='lat' dir='ltr'>Censorino</span> <span class='ocrx_word' id='word_1_374' title='bbox 668 1798 713 1827; x_wconf 77' lang='lat' dir='ltr'>M&#39;.</span> <span class='ocrx_word' id='word_1_375' title='bbox 727 1799 844 1828; x_wconf 88' lang='lat' dir='ltr'>Manilio</span> <span class='ocrx_word' id='word_1_376' title='bbox 863 1798 1041 1834; x_wconf 81' lang='lat' dir='ltr'>consulibus,</span> <span class='ocrx_word' id='word_1_377' title='bbox 1058 1802 1124 1836; x_wconf 89' lang='lat' dir='ltr'>post</span> <span class='ocrx_word' id='word_1_378' title='bbox 1140 1797 1259 1826; x_wconf 80' lang='lat' dir='ltr'>Romam</span> 
     </span>
    </p>
   </div>
   <div class='ocr_carea' id='block_1_9' title="bbox 198 1840 1261 1919">
    <p class='ocr_par' dir='ltr' id='par_1_9' title="bbox 198 1840 1261 1919">
     <span class='ocr_line' id='line_1_44' title="bbox 199 1840 1261 1879; baseline -0.002 -9"><span class='ocrx_word' id='word_1_379' title='bbox 199 1842 344 1870; x_wconf 87' lang='lat' dir='ltr'>conditam</span> <span class='ocrx_word' id='word_1_380' title='bbox 369 1850 446 1870; x_wconf 88' lang='lat' dir='ltr'>anno</span> <span class='ocrx_word' id='word_1_381' title='bbox 471 1842 678 1870; x_wconf 82' lang='lat' dir='ltr'>sescentesimo</span> <span class='ocrx_word' id='word_1_382' title='bbox 702 1841 814 1879; x_wconf 88' lang='lat' dir='ltr'>quinto.</span> <span class='ocrx_word' id='word_1_383' title='bbox 851 1841 996 1870; x_wconf 74' lang='lat' dir='ltr'>Censorz&#39;n.</span> <span class='ocrx_word' id='word_1_384' title='bbox 1014 1840 1044 1869; x_wconf 79' lang='lat' dir='ltr'>de</span> <span class='ocrx_word' id='word_1_385' title='bbox 1067 1840 1110 1869; x_wconf 70' lang='lat' dir='ltr'>die</span> <span class='ocrx_word' id='word_1_386' title='bbox 1134 1845 1193 1869; x_wconf 71' lang='lat' dir='ltr'>mit.</span> <span class='ocrx_word' id='word_1_387' title='bbox 1215 1841 1261 1875; x_wconf 78' lang='lat'>17,</span> 
     </span>
     <span class='ocr_line' id='line_1_45' title="bbox 198 1883 478 1919; baseline -0.004 -7"><span class='ocrx_word' id='word_1_388' title='bbox 198 1883 228 1912; x_wconf 84' lang='lat' dir='ltr'>S.</span> <span class='ocrx_word' id='word_1_389' title='bbox 246 1884 295 1919; x_wconf 75' lang='lat'>48,</span> <span class='ocrx_word' id='word_1_390' title='bbox 313 1885 330 1913; x_wconf 82' lang='lat'>2</span> <span class='ocrx_word' id='word_1_391' title='bbox 349 1883 381 1912; x_wconf 90' lang='lat' dir='ltr'>O.</span> <span class='ocrx_word' id='word_1_392' title='bbox 399 1883 478 1912; x_wconf 78' lang='lat' dir='ltr'>lalm.</span> 
     </span>
    </p>
   </div>
   <div class='ocr_carea' id='block_1_10' title="bbox 1162 1855 1367 2143">
    <p class='ocr_par' dir='ltr' id='par_1_10' title="bbox 1162 1855 1367 2143">
     <span class='ocr_line' id='line_1_46' title="bbox 1162 1855 1367 2143; baseline 0 -245"><span class='ocrx_word' id='word_1_393' title='bbox 1162 1855 1367 2143; x_wconf 95' lang='lat' dir='ltr'>  </span> 
     </span>
    </p>
   </div>
  </div>
 </body>
</html>
