1367 2143
106 120 124 135 a.
138 114 186 134 Chr.
201 118 220 132 n.
238 112 279 132 167.
438 101 529 127 LlBER
548 100 673 127 XXXXV.
708 99 777 126 CAP.
797 101 838 126 26.
1134 95 1173 124 67

107 199 189 226 nem,
213 193 243 219 ut
259 193 383 219 mortem
407 188 538 219 servituti
561 190 794 227 praeponerent,
818 186 978 215 hortantes.
1017 193 1103 214 nemo
1126 183 1175 214 ad-

104 241 204 263 versus
231 231 430 271 praepotentis
457 231 533 260 viros
560 230 674 259 hiscere
700 228 841 263 audebat;
865 228 982 257 tandem
1005 226 1174 256 Theodotus

105 274 230 314 quidam,
248 274 354 303 nobilis
370 278 398 303 et
415 274 477 312 ipse
493 272 675 307 adulescens,
700 280 765 301 cum
783 271 874 300 maior
889 279 904 299 a
923 269 1061 299 Romanis
1078 273 1173 299 metus

104 317 236 348 timorem
263 326 278 346 a
306 315 491 355 principibus
519 315 578 345 suis
601 314 732 350 vicisset,
755 309 843 351 ‘quae
871 322 920 341 vos
942 308 1050 342 rabies'
1078 311 1174 350 inquit

101 357 215 398 ‘agitat,
243 358 292 397 qui
309 358 435 388 duorum
452 357 604 387 hominum
628 365 720 386 noxae
740 355 883 385 civitatem
907 354 1106 384 accessionem
1132 354 1172 383 sa-

104 399 190 432 citis‘?
213 401 348 439 equidem
372 409 425 439 pro
449 400 540 439 patria
565 399 614 438 qui
638 398 728 428 letum
752 397 952 437 oppetissent,
976 406 1063 435 saepe
1085 396 1171 426 fando

103 443 214 479 audivi;
231 445 280 482 qni
296 443 417 482 patriam
434 451 487 481 pro
504 451 534 472 se
551 441 647 480 perire
664 450 765 470 aecum
783 443 953 475 censerent,
977 439 1006 468 hi
1024 438 1109 477 primi
1127 439 1171 468 in·

103 486 179 516 venti
196 490 274 515 sunt.
307 485 378 524 quin
396 485 543 524 aperimus
559 488 658 523 portas
675 488 703 513 ct
718 482 874 522 imperium
897 481 1073 520 accipimus,
1096 480 1173 520 quod

104 528 182 558 orbis
203 533 347 558 terrarum
365 524 515 565 accepit?’
540 526 610 556 haec
634 525 778 555 dicentem
803 534 869 555 cum
892 523 1047 553 multitudo
1070 532 1175 561 seque-

102 574 200 607 retur,
223 570 368 601 Antinous
392 573 419 599 et
434 569 604 598 Theodotus
621 568 649 597 in
668 568 790 607 primam
807 567 960 598 stationem
984 565 1111 595 hostium
1128 565 1173 595 in-

103 617 248 652 ruperunt
264 617 351 650 atque
368 611 407 641 ihi
425 612 580 641 offerentes
596 621 627 640 se
650 610 704 649 ipsi
725 610 892 640 volneribus
918 608 1077 644 intersec1i3
1104 607 1173 638 urbs

103 655 196 685 dedita
213 660 256 685 est
273 654 421 684 Romanis.
454 654 540 683 simili
557 653 717 692 pertinacia
734 652 910 692 Cephalonis
934 651 1076 690 principis
1093 650 1172 680 clau-

102 706 166 727 sum
179 697 358 727 Tecmonem
371 697 435 736 ipso
449 697 602 726 interfecto
616 705 669 734 per
682 695 859 725 deditionem
877 694 996 733 recepit.
1030 702 1083 723 nec
1097 693 1172 732 Phy-

101 739 162 770 lace
187 749 241 769 nec
257 739 403 769 Horreum
426 738 676 778 oppugnationem
699 738 839 768 tulerunt.
872 741 971 776 pacata
990 736 1079 775 Epiro
1102 735 1172 765 divi-

101 783 200 821 sisque
217 782 245 811 in
262 782 383 811 hiberna
401 782 493 820 copiis
510 790 562 820 per
579 785 762 819 opportunas
780 780 877 813 urbes,
894 788 1046 817 regressus
1064 778 1125 817 ipsc
1142 778 1172 807 in

102 824 248 863 lllyricum
265 824 402 860 Scodrae,
421 833 479 862 quo
496 823 627 861 quinque
644 823 730 860 legati
747 823 781 852 ab
799 822 888 851 Roma
906 826 1054 856 venerant,
1072 829 1172 850 evoca-

102 868 138 897 tis
155 876 188 896 ex
202 871 259 896 tota
272 866 420 905 provincia
435 865 619 905 principibus
633 869 809 895 conventum
823 864 933 893 habuit.
957 864 995 893 ibi
1010 872 1062 902 pro
1079 862 1170 893 tribu-

103 909 159 939 nali
176 909 376 948 pronuntiavit
397 908 431 938 de
448 907 590 938 sententia
607 907 721 937 consilii
741 912 873 937 senatum
891 906 1094 945 populumque
1114 905 1172 934 no-

101 961 219 982 manum
238 951 350 990 Illyrios
366 960 429 980 esse
446 950 553 980 liberos
570 950 684 979 iubere:
710 949 852 989 praesidia
869 959 902 978 ex
926 948 1063 978 omnibus
1087 947 1172 986 oppi—

101 995 154 1028 dis,
175 994 291 1023 arcibus
318 997 345 1022 et
367 992 491 1022 castellis
513 1001 577 1022 sese
601 992 805 1022 deducturum.
852 1001 911 1021 nou
934 991 1028 1020 solum
1053 990 1170 1025 liberos.

101 1036 150 1065 sed
180 1036 264 1065 etiam
286 1036 422 1065 inmunes
444 1035 506 1064 sore
531 1035 662 1064 Issenses
687 1040 714 1065 et
730 1034 917 1070 Taulantios,
941 1033 1172 1063 Dassaretiorum

664 1094 772 1125 Cephali
781 1095 912 1117 vermutel.
920 1106 945 1110 -
954 1094 1010 1123 ipso
1022 1091 1172 1121 intel-seclo]

135 1096 156 1118 7.
176 1094 284 1124 hiscere]
303 1093 346 1118 hat
361 1093 496 1125 allgemein
510 1092 549 1117 die
564 1092 609 1117 Be-

662 1127 730 1152 steht
741 1127 806 1151 ohne
815 1126 962 1158 Bezieliung
973 1126 1017 1150 aus
1025 1125 1069 1150 das
1077 1125 1173 1156 thalige

99 1128 212 1159 deutung
238 1124 300 1152 ‘sicli
329 1124 436 1152 {iussern’
465 1127 524 1159 (εἰς.
551 1124 609 1151 ‘den

98 1161 175 1186 Mund
187 1159 325 1191 auftliun');
346 1169 365 1186 s.
377 1162 417 1189 37,
430 1163 439 1185 1
452 1164 473 1187 ἐς
493 1163 516 1189 G,
532 1163 568 1186 16,
580 1162 608 1185 3:

100 1204 146 1220 nec
165 1195 292 1220 adversus
311 1196 480 1219 dictatoriam
507 1196 557 1219 vim
578 1213 583 1219 .
604 1213 609 1218 .

98 1231 197 1254 hiscere·
210 1229 356 1255 audebant:
371 1230 394 1255 9,
404 1231 427 1259 4,
440 1231 465 1257 Ἶ;
484 1231 520 1259 10,
535 1229 571 1257 19,
583 1230 610 1255 ῖ;

100 1265 140 1294 39,
161 1264 199 1293 12,
218 1265 244 1291 5;
270 1265 310 1288 44.
330 1265 371 1293 45,
393 1265 422 1287 10
441 1271 465 1288 u.
484 1270 505 1287 a.
532 1277 563 1280 —
587 1264 611 1285 et

98 1298 159 1329 ipse]
187 1297 247 1328 geht
271 1297 315 1321 aus
337 1297 447 1325 nobilis,
477 1297 545 1321 niclit
568 1296 612 1320 aus

97 1331 258 1357 adulescens.
277 1345 309 1348 —-
336 1340 350 1355 a
371 1330 496 1355 Romanis
520 1331 610 1359 melus]

98 1374 116 1390 s.
131 1372 161 1389 zu
181 1366 203 1393 2,
218 1366 258 1394 2⁴,
273 1366 299 1389 3:
321 1366 434 1396 ancipili
452 1367 521 1388 metu
543 1367 567 1388 ec
579 1365 610 1388 ab

98 1400 153 1423 eive
176 1401 201 1422 et
226 1400 257 1423 ab
283 1399 367 1425 hoste:
393 1398 434 1423 die
455 1398 543 1423 beiden
565 1397 613 1422 Be-

98 1432 168 1465 griffe
182 1434 264 1456 metus
277 1432 328 1457 und
341 1434 422 1456 timan-
435 1434 464 1463 (s.
480 1434 519 1461 26,
535 1435 574 1461 20,
586 1433 610 1457 5»

98 1466 154 1492 sind
167 1466 317 1491 absichtlich
332 1466 414 1491 neben
434 1466 553 1491 einander
569 1474 611 1497 ge-

98 1500 175 1527 stent.
198 1515 230 1518 —
255 1502 351 1530 nomae]
376 1500 460 1525 Abstr.
487 1508 531 1532 pro
551 1508 609 1525 ron-

99 1537 178 1563 cretm
198 1534 248 1566 vgl.
269 1537 291 1564 4,
307 1535 344 1562 11,
362 1536 384 1561 l:
406 1535 446 1561 23,
461 1535 500 1565 25,
515 1536 543 1558 T:
564 1535 610 1566 qui

99 1576 187 1593 eorum
198 1577 232 1592 ea·
240 1568 309 1599 fuga
321 1568 452 1593 Cannensi
462 1570 546 1592 essent
556 1576 578 1592 u.
588 1576 609 1592 a.

98 1616 130 1620 —
149 1603 333 1632 accessionem]
353 1610 372 1627 s.
392 1610 422 1626 zu
442 1603 465 1631 7,
479 1604 501 1627 2.

133 1637 156 1661 ὃ.
174 1636 258 1665 fando
277 1636 379 1666 andivi]
398 1636 448 1667 vgl.
469 1637 508 1664 22,
525 1638 564 1662 30,
579 1638 608 1663 3;

99 1678 125 1695 es
144 1670 177 1694 ist
195 1678 226 1695 zu
245 1671 381 1702 erganzen:
400 1666 460 1694 ‘von
477 1668 606 1694 manchen‘

99 1705 174 1734 (eos);
193 1712 237 1728 zur
256 1703 357 1729 Konstr.
378 1704 427 1735 vgl.
447 1705 470 1730 6.
485 1705 506 1729 2.
520 1705 548 1732 9;
568 1706 609 1731 31,

103 1739 140 1768 18,
161 1739 185 1766 1;
210 1739 250 1767 42,
270 1739 311 1769 52,
333 1740 374 1764 10;
400 1737 474 1769 Nipp.
499 1745 529 1762 zu
549 1737 608 1762 Tac.

100 1771 164 1796 Anu.
179 1773 203 1802 4,
217 1773 256 1797 23.
270 1780 364 1804 —pru
378 1773 414 1801 se]
429 1772 478 1803 vgl.
493 1773 515 1796 2.
532 1773 571 1801 55,
586 1774 608 1796 6.

98 1819 129 1823 —
149 1806 220 1830 orbis
239 1807 386 1836 terrm-mn]
407 1813 425 1830 s.
441 1807 480 1835 21,
494 1808 533 1834 30,
551 1808 588 1831 10.

135 1841 171 1864 10.
184 1839 348 1871 Cephalonis]
361 1840 404 1864 liat
415 1839 515 1864 hierdie
527 1839 609 1864 Hand-

100 1872 201 1900 scliriltz
220 1873 333 1906 dagegeu
348 1873 423 1898 licisst
436 1881 462 1898 er
475 1875 515 1903 43,
535 1874 572 1901 18,
587 1875 610 1903 2,

101 1906 149 1930 wie
169 1906 208 1931 hei
221 1906 343 1940 Polybios
363 1912 392 1937 (s.
406 1907 429 1932 d.
444 1907 480 1932 St.
502 1915 531 1932 zu
545 1907 560 1940 ξ
576 1910 610 1935 5),

104 1940 239 1972 Cephalus,
250 1941 364 1967 weshalb
373 1941 412 1967 Gr.
422 1941 485 1966 auch
497 1949 527 1966 an
539 1949 562 1966 u.
572 1940 609 1966 St.

663 1160 783 1191 §ubjekn
798 1168 816 1186 s.
832 1162 872 1189 39,
886 1162 926 1190 54,
944 1162 985 1187 13,
1001 1160 1042 1187 42,
1058 1161 1094 1189 lc,
1105 1160 1133 1187 7:
1147 1166 1174 1184 er

663 1195 750 1219 wurde
760 1202 810 1219 von
819 1194 866 1219 den
874 1193 1030 1225 Mitbiirgern
1039 1192 1172 1218 ermordet.

699 1230 737 1254 11.
757 1229 901 1260 divisisque
911 1247 916 1252 .
928 1230 942 1257 .]
962 1227 1012 1259 vgl.
1025 1228 1064 1255 37,
1077 1229 1117 1254 45.
1133 1228 1172 1253 19:

664 1264 706 1293 43,
722 1264 762 1289 23,
780 1264 803 1287 6.
822 1277 855 1280 —
874 1263 989 1293 quinque
1009 1261 1100 1292 legati]
1119 1260 1174 1285 dass

663 1297 708 1321 mit
735 1297 821 1321 diesen
847 1296 887 1320 die
914 1295 1103 1327 Anordnungen
1131 1295 1173 1319 be-

663 1330 788 1363 sproclien
802 1330 907 1354 worden
926 1329 990 1356 sind,
1010 1329 1070 1360 geht
1084 1336 1129 1353 aus
1143 1329 1175 1353 de

663 1366 792 1388 sententia
804 1364 910 1389 consilii
921 1364 1023 1389 hei-vor:
1038 1363 1089 1394 vgl.
1104 1364 1141 1394 17,
1153 1365 1173 1387 l.

663 1413 695 1417 —
716 1400 840 1429 evocatis]
860 1406 879 1422 s.
900 1398 939 1426 31,
959 1399 999 1425 27,
1019 1398 1033 1422 :3
1053 1405 1076 1421 u.
1096 1404 1118 1422 a.
1141 1411 1174 1414 —

662 1434 812 1464 provincia]
832 1432 876 1456 das
896 1431 971 1460 Land,
994 1431 1017 1455 in
1038 1430 1095 1455 dem
1114 1430 1175 1455 Ani-

664 1467 717 1491 cius
743 1466 791 1491 den
814 1466 889 1497 Krieg
915 1473 944 1490 zu
972 1465 1060 1489 sulii-en
1085 1465 1173 1489 beauf-

665 1503 731 1532 tragt
750 1508 813 1528 war-2
835 1508 854 1525 s.
869 1501 908 1525 2s,
927 1501 962 1524 10.

700 1535 737 1560 12.
753 1542 804 1566 pro
824 1534 962 1563 tribunall]
978 1533 1025 1557 wie
1039 1534 1079 1560 38.
1091 1534 1130 1559 54.
1144 1536 1169 1557 9:

659 1577 710 1600 pro
730 1570 833 1595 rustris,
852 1579 884 1588 =
902 1564 961 1591 ‘von
975 1587 979 1591 .
993 1586 998 1591 .
1010 1564 1072 1592 aus'.
1093 1581 1122 1584 —
1144 1567 1175 1591 li-

663 1604 746 1632 beros]
760 1610 778 1627 s.
793 1604 833 1631 35,
847 1603 887 1631 ⁴6,
904 1603 940 1626 11.
961 1615 992 1618 —
1013 1603 1037 1624 cl
1050 1601 1173 1630 castellis]

663 1637 725 1661 iiber
744 1638 768 1660 el
786 1644 831 1661 vor
853 1635 909 1660 dem
934 1635 1026 1659 dritten
1046 1634 1133 1659 Gliede
1153 1643 1173 1659 s.

662 1672 702 1696 44.
721 1672 761 1697 43.
776 1672 804 1697 ὃς
825 1678 855 1694 zu
875 1672 897 1696 3.
917 1671 936 1700 1,
950 1671 978 1697 5;
998 1668 1047 1700 ΜΕ.
1068 1668 1172 1694 streicht

664 1704 781 1736 opp1·d2‘s;
808 1712 834 1728 es
859 1702 921 1727 wird
942 1710 969 1727 so
990 1702 1106 1734 zugleich
1131 1702 1173 1727 be-

663 1738 773 1768 stimmt,
799 1737 854 1762 dass
879 1737 924 1761 das
948 1736 1015 1761 Laud
1040 1736 1114 1761 keine
1134 1738 1172 1761 rij-

662 1772 758 1796 mische
783 1771 929 1802 Besatzung
955 1770 1037 1795 haben
1063 1770 1123 1799 soll;
1152 1778 1172 1795 s.

664 1808 703 1833 3⁴.
715 1808 754 1834 51,
769 1808 792 1833 1;
812 1805 959 1837 vgl.K1u1n,
975 1804 1018 1829 Die
1032 1804 1107 1829 stadt.
1122 1804 1171 1830 und

662 1840 772 1871 bfirgerl.
794 1839 904 1864 Verfass.
929 1838 974 1864 des
999 1840 1060 1864 roni.
1081 1838 1172 1863 Reichs

664 1876 686 1901 2,
702 1876 740 1899 24.
761 1888 793 1892 ——
812 1874 996 1903 deducturum]
1016 1880 1035 1899 s.
1057 1874 1095 1899 25,
1110 1875 1132 1898 6.

700 1909 737 1933 13.
763 1909 892 1937 inmunes]
914 1902 1109 1938 ‘abgabens1·ei';
1136 1907 1171 1931 sie

664 1942 745 1967 sollen
765 1941 840 1967 keine
854 1942 959 1966 Steuern
979 1948 1009 1965 an
1024 1940 1063 1966 die
1077 1939 1172 1966 Romer

988 1984 1018 2008 5*

1196 654 1223 678 10

1196 738 1222 763 11
