1367 2143
125 161 153 185 20

127 370 155 394 25

132 986 159 1010 10

134 1198 160 1221 15

134 1408 161 1432 20

177 68 237 97 136
417 69 445 94 T.
465 69 526 94 LlVl
544 69 723 94 PERIOCHAE
742 69 783 94 ET
802 69 1009 95 FRAGMENTA.

175 156 264 194 suqus
276 154 434 191 interemit,
451 159 478 184 et
493 155 555 194 ipse
571 155 600 183 in
617 163 740 193 regnum
757 159 900 193 receptus.
926 155 957 184 L.
972 155 1110 184 Aemilius
1122 155 1239 190 Paulus,

178 198 226 236 qui
239 197 346 226 Persen
361 197 476 230 vicerat,
494 201 636 226 mortuus.
661 197 744 226 cuius
757 201 833 226 tanta
850 196 1022 226 abstinentia
1041 197 1103 233 suit,
1119 201 1160 232 ut,
1173 206 1239 226 cum

178 249 209 268 ex
234 239 371 278 Hispania
395 243 421 268 et
444 248 477 268 ex
493 239 659 268 Macedonia
676 239 831 268 immensas
853 248 923 278 opes
944 239 1118 275 rettulisset,
1140 239 1184 268 vix
1207 248 1239 268 ex

177 281 313 310 auctione
326 281 388 310 eius
401 282 549 310 redactum
563 282 608 316 sit,
619 281 696 310 unde
710 290 791 310 uxori
805 281 866 310 eius
879 281 931 310 dos
944 282 1113 311 solveretur.
1133 281 1240 320 Pomp-

178 323 255 352 tinae
271 323 390 362 paludes
407 333 421 352 a
438 323 573 353 Cornelio
591 323 717 361 Cethego
735 322 869 359 consule,
892 324 937 353 cui
963 333 994 353 ea
1011 323 1158 363 provincia
1176 332 1241 352 eve-

180 369 272 402 nerat,
289 365 420 401 siccatae,
437 375 563 404 agerque
581 375 612 394 ex
630 365 664 394 iis
680 366 782 394 factus.

249 433 286 457 19.
303 431 444 464 profugus]
464 431 593 463 eingesiigt
614 431 677 455 nach
691 430 753 462 Mg.;
773 430 831 456 Wss.
851 433 983 461 vermutet,
1002 431 1055 455 dass
1075 431 1172 456 15—25
1191 430 1243 460 (res

174 468 316 497 praeterea
328 486 333 491 .
346 486 350 491 .
365 468 397 489 iis
415 465 513 496 faetus)
533 465 599 489 nieht
620 472 677 489 vom
697 464 764 489 Vers.
784 464 828 489 der
846 464 982 489 Periochae
1001 464 1122 489 herriibrt.

597 548 665 573 LlB.
684 547 827 573 xxxxvn.

264 610 401 630 reniocua
424 610 477 629 Lm.
495 609 617 629 xxxxvn.
653 600 704 629 Cn.
730 599 885 629 Tremellio
908 600 1033 638 praetori
1056 599 1145 628 multa
1170 599 1243 628 dicta

181 648 237 679 est,
262 643 338 682 quod
363 652 428 672 cum
451 642 488 671 M.
513 642 634 671 Aemilio
659 642 769 680 Lepido
793 642 932 681 pontifice
954 641 1079 670 maximo
1104 641 1244 670 iniuriose

180 686 378 720 contenderat,
394 693 603 722 sacrorumque
617 693 702 722 quam
716 684 935 721 magistratuum
953 684 997 712 ius
1013 683 1165 722 potentins
1181 683 1244 712 suit.

180 728 225 757 lex
247 728 282 756 de
304 727 412 756 ambitu
435 726 501 755 lata.
535 726 658 754 lustrum
675 735 689 753 a
707 725 879 754 censoribus
900 725 1050 754 conditum
1075 731 1131 760 est;
1160 734 1244 754 censa

181 774 249 799 sunt
265 769 369 798 civium
387 768 480 807 capita
504 772 634 796 trecenta
651 767 751 805 viginti
775 772 840 796 octo
863 767 940 796 milia
966 771 1093 796 trecenta
1112 767 1246 796 sedecim.

182 812 319 851 princeps
335 815 449 840 senatus
465 814 575 839 sextum
591 809 729 838 Aemilius
745 809 881 848 Lepidus.
906 809 982 838 inter
997 809 1178 838 Ptolemaeos
1190 809 1247 838 sra-

182 859 255 889 tres,
279 854 327 892 qui
351 852 542 887 dissidebant,
567 852 668 881 foedus
690 851 793 887 ictum,
818 856 848 880 ut
870 851 942 881 alter
958 853 988 880 in
1006 851 1152 890 AegyptO,
1176 851 1248 880 alter

183 896 303 935 Cyrenis
319 899 463 933 regnaret.
487 894 661 929 Ariarathes,
679 893 877 933 Cappadociae
894 903 953 928 rex,
971 893 1093 922 consilio
1110 892 1246 927 Demetri,

183 938 282 977 Syriae
304 938 395 975 regis,
428 942 453 965 ct
483 936 592 965 viribus
616 935 718 974 pulsus
740 944 831 973 regno
854 945 868 964 a
896 940 997 964 senatu
1022 935 1174 964 restitutus
1196 939 1246 964 est.

182 981 260 1010 missi
278 990 292 1009 a
309 983 427 1014 senatu,
451 978 499 1017 qui
524 978 599 1007 inter
615 978 794 1006 Masinissam
812 982 838 1006 et
856 977 1111 1015 Carthaginienses
1127 977 1162 1005 de
1177 986 1246 1014 agro

184 1023 354 1052 iudicarent.
386 1021 415 1050 C.
431 1020 554 1050 Marcius
572 1020 673 1049 consul
690 1020 826 1049 adversus
842 1019 987 1049 Dalmatas
1002 1019 1127 1058 primum
1145 1027 1247 1057 parum

183 1074 334 1104 prospere,
351 1067 451 1102 postea
469 1062 592 1091 feliciter
609 1062 756 1101 pugnavit,
774 1071 839 1091 cum
858 1061 963 1100 quibus
982 1061 1058 1090 bello
1072 1061 1248 1098 confligendi

184 1116 268 1136 causa
292 1106 361 1142 suit,
389 1105 465 1144 quod
490 1104 614 1143 Illyrios,
646 1104 742 1133 socios
766 1104 866 1143 populi
890 1103 1031 1139 Romani,
1055 1107 1248 1138 vastaverant;

184 1149 365 1187 eandemque
381 1152 497 1185 gentem
515 1146 667 1175 Cornelius
679 1146 781 1175 Nasica
798 1146 901 1175 consul
917 1146 1038 1174 domuit.
1063 1145 1095 1179 Q.
1116 1144 1251 1184 Opimius

186 1191 288 1221 consul
302 1189 511 1228 Transalpinos
525 1189 658 1226 Ligures,
675 1188 723 1227 qui
737 1187 958 1217 Massiliensium
973 1187 1077 1226 oppida
1089 1186 1248 1226 Antipolim

185 1239 211 1263 et
228 1233 361 1262 Nicaeam
378 1231 543 1266 vastabant,
561 1230 684 1268 subegit.
719 1235 865 1269 praeterea
882 1239 929 1259 res
946 1230 973 1258 in
992 1229 1130 1268 Hispania
1148 1239 1161 1258 a
1179 1238 1249 1258 con·
1292 1231 1298 1235 '

184 1275 318 1315 pluribus
342 1283 444 1313 parum
462 1282 602 1312 prospere
626 1277 721 1310 gestas
738 1272 877 1302 continet.
912 1271 1047 1301 consules
1070 1280 1147 1300 anno
1164 1271 1251 1310 quin-

186 1317 348 1356 gentesimo
367 1316 556 1353 nonagesimo
574 1319 673 1344 octavo
690 1314 724 1344 ab
748 1314 820 1344 urbe
837 1314 952 1343 condita
977 1313 1176 1351 magistratum
1192 1313 1248 1342 kal.

186 1360 249 1389 Ian.
274 1359 348 1388 inire
364 1362 534 1397 coeperunt.
568 1357 699 1386 mutandi
716 1357 831 1385 comitia
848 1365 932 1385 causa
951 1356 1013 1391 suit,
1034 1355 1110 1394 quod
1127 1355 1249 1393 Hispani

183 1401 373 1432 rebellabant.
414 1400 499 1437 legati
529 1399 563 1428 ad
593 1399 814 1438 disceptandum
842 1399 918 1427 inter
946 1397 1198 1435 Carthaginienses
1225 1402 1250 1425 et

186 1443 370 1474 Masinissam
394 1442 473 1471 missi
497 1441 703 1470 nuntiaverunt
726 1441 782 1469 vim
807 1440 913 1469 navalis
928 1440 1064 1468 materiae
1087 1449 1118 1468 se
1134 1439 1251 1468 Cartba-

186 1487 253 1525 gine
270 1484 504 1524 deprehendisse.
538 1483 648 1521 aliquot
665 1487 813 1522 praetores
835 1492 849 1511 a
875 1482 1032 1521 provinciis
1048 1481 1181 1510 avaritiae
1198 1490 1253 1510 no-

186 1529 265 1558 mine
281 1527 407 1557 accusati
424 1525 549 1555 damnati
567 1530 642 1554 sunt.

256 1588 277 1610 7.
297 1586 334 1615 in]
353 1584 416 1609 nach
436 1583 479 1608 der
498 1583 536 1607 ed.
556 1583 633 1614 princ.
653 1581 791 1613 eingesugt.
806 1596 838 1600 —
854 1582 891 1606 18.
912 1581 963 1605 lcal.
984 1581 1047 1610 Iam]
1068 1581 1167 1612 ergata!
1189 1580 1251 1604 nach

186 1619 261 1645 Drak.
280 1633 314 1637 —-
335 1619 432 1644 16—23
452 1619 599 1649 (praeterea
611 1635 616 1641 .
628 1634 634 1641 .
646 1616 766 1640 damnati
782 1617 852 1646 smil)
872 1615 925 1639 halt
943 1614 1001 1639 Wss.
1022 1614 1060 1638 fiir
1078 1614 1179 1639 unecht.

275 1685 291 1702 ²³⁴
308 1686 337 1725 [ἦ-
353 1687 390 1716 Μ.
408 1685 546 1715 Aemilius
563 1689 588 1714 et
606 1685 635 1714 C.
653 1684 803 1723 Popillius.
837 1683 883 1712 his
906 1682 1076 1712 consulibus
1091 1681 1203 1711 metalla
1221 1682 1249 1710 in

188 1730 356 1760 Macedonia
373 1729 503 1758 instituta
516 1729 552 1763 (a.
564 1737 592 1756 u.
607 1737 630 1756 c.
645 1727 719 1763 5963
736 1736 761 1756 a.
775 1725 841 1755 Chr.
855 1735 883 1754 n.
901 1725 979 1762 158).
1006 1724 1130 1754 Cassiod.
1145 1723 1252 1760 diram]

274 1796 290 1814 '¹‘
307 1796 350 1834 [Q.
367 1796 486 1825 Fulvius
503 1800 530 1824 et
545 1795 577 1824 T.
594 1794 715 1824 Annius.
753 1794 781 1823 hi
799 1793 885 1832 primi
908 1792 1043 1822 consules
1060 1792 1190 1821 kalendis
1206 1791 1250 1820 Ia-

190 1839 299 1869 nuariis
315 1839 514 1876 magistratum
532 1837 662 1866 inierunt
677 1840 796 1876 propter
811 1835 939 1864 subitum
952 1834 1122 1863 Celtiberiae
1139 1833 1247 1863 bellum

191 1886 226 1919 (a.
244 1891 272 1911 u.
289 1890 313 1910 c.
331 1882 407 1916 601;
431 1890 455 1910 a.
473 1880 538 1909 Chr.
557 1889 585 1909 n.
607 1880 684 1916 153).
712 1877 834 1907 Cassiod.
852 1877 959 1914 chron]
