1367 2143
117 552 144 576 10

116 762 143 787 15

118 974 146 997 20

130 1329 143 1352 5

118 1538 144 1562 10

168 82 228 112 182
407 83 435 107 Τ.
455 82 515 107 LlVl
535 82 714 107 PERtocHAE
734 82 774 107 ET
794 82 1000 108 FRAGMENTA.

252 168 322 205 *60)
340 166 392 197 ‘M.
409 168 510 197 Cicero
526 168 579 197 sub
596 168 749 197 adventum
772 168 989 197 triumvirorum
1012 168 1083 197 urbe
1106 172 1229 197 cesserat

167 220 220 250 pro
238 216 317 240 certo
334 210 455 246 habens,
472 210 498 239 id
516 211 593 249 quod
611 215 680 243 erat,
696 219 755 239 non
773 210 864 248 magis
879 219 906 239 se
919 210 1045 239 Antonio
1059 210 1130 249 eripi
1143 219 1228 249 quam

168 253 281 282 Caesari
295 252 425 282 Cassium
442 257 470 281 et
482 252 603 282 Brutum
621 261 723 291 posse;
740 253 835 291 primo
852 252 880 281 in
894 252 1091 281 Tusculanum
1109 253 1230 290 fugerat,

168 295 235 324 inde
261 295 431 324 transversis
456 295 609 324 itineribus
631 295 659 323 in
684 294 888 330 Formianum,
916 300 948 323 ut.
970 304 984 323 a
1008 294 1102 323 Caieta
1129 303 1229 323 navem

167 346 395 372 conscensuru5‚
413 337 616 376 proficiscitur.
648 337 725 365 unde
741 336 896 375 aliquoties
911 337 939 365 in
957 336 1045 365 altum
1063 340 1229 375 provectum

168 389 233 408 cum
250 380 336 408 modo
353 379 429 408 venti
452 379 561 408 adversi
579 378 774 415 rettulissent,
796 379 882 407 modo
900 379 961 418 ipse
980 379 1162 408 iactationem
1181 388 1231 407 na-

168 422 208 450 vis
225 431 311 451 caeco
335 421 465 450 volvente
487 421 576 450 fluctu
601 421 658 460 pati
676 430 733 449 non
752 425 867 459 posset..
891 421 1015 450 taedium
1033 421 1148 450 tandem
1165 429 1229 449 eum

168 469 196 493 et
212 464 295 501 fugae
312 469 339 493 et
354 463 427 492 vitae
444 464 530 502 cepit,
549 472 759 501 regressusque
774 463 807 492 ad
825 463 1006 502 superiorem
1023 463 1134 499 villam,
1157 472 1231 501 quae

168 506 255 545 paulo
272 506 338 544 plus
353 505 432 534 mille
448 505 581 544 passibus
597 515 611 534 a
628 505 698 534 mari
715 505 805 540 abest,
825 502 954 534 ‘moriar'
973 505 1067 544 inquit
1079 502 1121 534 ‘in
1140 504 1230 544 patria

167 557 252 587 saepe
275 545 404 577 servata'.
435 548 502 577 satis
525 552 637 576 constat
657 557 755 576 servos
778 547 891 576 fortiter
912 547 1094 586 fideliterque
1117 551 1231 586 paratos

168 590 256 619 fuisse
278 590 311 619 ad
335 590 547 625 dimicandum;
572 590 666 628 ipsum
689 590 796 628 deponi
819 589 949 618 lecticam
976 594 1002 618 et
1026 589 1140 627 quietos
1162 589 1231 628 pati,

168 633 245 671 quod
263 641 325 661 sors
341 632 440 670 iniqua
458 636 583 670 cogeret,
601 632 729 660 iussisse.
760 631 937 670 prominenti
964 641 997 660 ex
1022 631 1124 660 lectica
1148 640 1231 669 prae-

168 674 308 712 bentique
324 675 463 703 inmotam
481 674 622 703 cervicem
641 678 729 712 caput
751 673 912 712 praecisum
930 678 981 702 est.
1013 682 1066 702 nec
1088 673 1158 702 satis
1173 677 1232 701 sto-

167 716 240 745 lidae
257 716 418 745 crudelitati
435 716 558 744 militum
575 716 644 751 fuit;
661 724 764 744 manus
780 725 912 754 quoque,
929 715 1080 754 scripsisse
1099 713 1230 755 [aliquid]

167 759 195 787 in
213 758 372 787 Antonium
396 757 620 796 exprobrantes,
642 757 855 796 praeciderunt.
893 757 930 786 ita
947 757 1069 786 relatum
1093 762 1178 795 caput
1197 758 1230 785 ad

168 801 328 829 Antonium
352 800 492 838 iussuque
515 800 577 828 eius
598 800 672 828 inter
694 800 765 828 duas
792 808 895 828 manus
917 800 945 828 in
969 799 1070 828 rostris
1095 799 1231 838 positum,

168 843 217 871 ubi
234 842 282 871 ille
299 842 420 877 consul,
436 842 484 871 ubi
502 851 587 880 saepe
605 841 781 876 consularis,
799 842 846 870 ubi
864 851 898 870 eo
915 842 978 881 ipso
1001 850 1079 870 anno
1096 841 1232 869 adversus

167 885 338 920 Antonium,
359 889 464 923 quanta
483 884 559 913 nulla
577 893 714 922 umquam
732 884 856 913 humana
872 893 943 919 vox,
960 893 1025 912 cum
1042 883 1232 912 admiratione

170 927 353 965 eloquentiae
377 927 492 956 auditus
515 927 615 955 fuerat.
646 927 689 955 vix
708 925 872 955 attollentes
890 935 961 965 prae
982 925 1109 954 lacrimis
1132 925 1232 954 oculos

169 969 301 998 homines
324 969 431 998 intueri
454 968 594 998 trucidata
618 968 744 997 membra
764 968 834 997 civis
858 965 1013 1006 pot.erant³.
1043 967 1145 996 Seneca
1160 967 1229 996 rhet.

166 1021 241 1040 suas.
258 1013 286 1047 6,
307 1013 342 1041 17
357 1010 386 1039 S.
404 1012 454 1046 33,
475 1012 511 1040 12
527 1011 595 1046 Bu.;
613 1010 642 1039 S.
660 1011 710 1046 42,
728 1011 744 1040 3
762 1010 825 1048 Κίρ.

237 1062 274 1085 14.
295 1060 416 1091 [aliquid]
441 1059 532 1091 getilgt
554 1059 616 1084 nach
637 1059 786 1083 ASchaeser.
812 1073 840 1076 —
867 1060 906 1083 20.
926 1059 1071 1088 trucidata]
1097 1058 1159 1082 nach
1183 1058 1230 1082 den

167 1093 284 1123 lldschr.;
305 1094 360 1125 Klg.
381 1093 490 1118 schreibt
509 1093 572 1117 nach
591 1093 685 1117 Haase:
706 1093 841 1117 trucirlali.

252 1153 323 1187 ³⁴61)
337 1151 426 1182 ‘Vixit
442 1158 501 1182 tres
517 1158 544 1181 et
559 1153 705 1190 sexaginta
719 1162 822 1187 annos,
840 1157 879 1188 ut,
895 1152 918 1181 si
935 1152 977 1180 vis
988 1151 1117 1186 afuisset,
1135 1161 1171 1180 ne
1186 1152 1231 1180 in-

168 1201 278 1226 matura
303 1196 418 1234 quidem
444 1204 524 1224 mors
550 1195 638 1223 videri
666 1195 768 1233 possit.
807 1195 956 1233 ingenium
985 1199 1013 1223 et
1040 1193 1177 1232 operibus
1205 1198 1233 1222 et,

167 1238 303 1278 praemiis
318 1247 439 1277 operum
457 1237 540 1272 felix3
566 1237 628 1275 ipse
652 1238 787 1266 fortunae
809 1237 855 1265 diu
874 1245 1031 1275 prosperae
1053 1240 1079 1264 et
1096 1236 1126 1265 in
1142 1235 1230 1274 longo

167 1286 269 1310 tenore
284 1280 429 1309 felicitatis
445 1279 558 1317 magnis
582 1279 696 1308 interim
719 1279 793 1308 ictus
815 1279 999 1313 vulneribus,
1024 1278 1126 1313 exilio,
1146 1278 1230 1307 ruina

166 1324 301 1362 partium,
318 1332 370 1361 pro
389 1322 495 1360 quibus
511 1326 645 1355 steterat,
664 1321 739 1350 filiae
756 1322 870 1358 [morte]
888 1320 964 1349 exitu
981 1325 1037 1349 tam
1055 1320 1128 1349 tristi
1145 1324 1231 1358 atque

166 1365 286 1401 acerbo,
315 1364 445 1393 omnium
474 1364 658 1392 adversorum
688 1363 759 1392 nihil
788 1368 818 1392 ut
847 1363 906 1391 viro
934 1363 1053 1400 dignum
1081 1366 1141 1391 crat
1167 1361 1232 1391 tulit

166 1412 280 1446 praeter
295 1411 436 1441 mortem,
457 1415 529 1444 quae
546 1414 611 1434 vere
626 1405 788 1434 aestimanti
813 1405 909 1434 minus
930 1404 1049 1442 indigna
1074 1404 1161 1433 videri
1179 1413 1232 1443 po-

166 1449 238 1484 tuit,
263 1449 339 1487 quod
362 1458 377 1477 a
400 1448 507 1477 victore
530 1447 647 1476 inimico
664 1447 708 1476 m'l
729 1447 874 1476 crudelius
891 1456 1028 1486 passurus
1045 1450 1124 1481 erat,
1145 1455 1231 1484 quam

168 1491 244 1530 quod
265 1491 392 1519 eiusdem
417 1490 550 1519 fortunae
566 1498 678 1527 conpos
694 1490 768 1518 victo
786 1489 908 1518 fecisset.
940 1489 962 1517 si
983 1488 1048 1526 quis
1064 1493 1158 1517 tamen
1176 1488 1231 1516 vir-

169 1533 278 1562 tutibus
294 1533 357 1561 vitia
376 1532 514 1571 pensarit,
530 1531 572 1559 vir
587 1540 710 1569 magnus
726 1541 759 1560 ac
774 1530 971 1560 memorabilis
987 1531 1040 1559 fuit
1059 1534 1086 1559 et
1102 1530 1130 1558 in
1148 1529 1231 1559 cuius

167 1576 267 1605 laudes
283 1574 480 1613 exsequendas
496 1573 636 1602 Cicerone
652 1573 798 1602 laudatore
816 1582 890 1611 opus
902 1570 1008 1602 fuerit'.
1041 1572 1145 1601 Seneca
1160 1572 1230 1601 rhet.

167 1627 243 1647 suas.
261 1618 289 1652 6,
307 1618 346 1646 22
363 1616 392 1645 S.
410 1618 460 1650 35,
478 1618 515 1646 15
532 1616 602 1651 Bu.;
619 1615 647 1644 S.
665 1617 715 1651 44,
732 1616 771 1646 28
784 1614 847 1653 Kly.

238 1669 275 1691 10.
291 1667 422 1698 pensavit]
442 1665 496 1697 th.
516 1664 627 1689 schreibt
642 1667 767 1695 pensaret
785 1664 826 1688 mit
848 1664 895 1688 den
915 1665 991 1695 guten
1011 1663 1113 1687 Hdschr.

253 1729 268 1745 *
285 1726 326 1763 [C.
343 1726 434 1755 Pansa
452 1730 479 1754 et.
493 1726 524 1754 Α.
538 1724 656 1753 Hirtius.
686 1724 731 1753 his
748 1724 918 1753 consulibus
931 1723 1034 1752 Caesar
1047 1722 1232 1756 Octavianus,

168 1769 313 1798 Antonius
330 1774 357 1797 et
370 1768 497 1806 Lepidus
513 1766 655 1795 amicitiae
671 1766 772 1795 foedus
788 1766 926 1795 inierunt.
952 1765 989 1793 M.
1004 1764 1104 1794 Cicero
1118 1764 1231 1793 Caietae

168 1820 220 1850 per
235 1810 381 1850 Popilium
404 1809 523 1838 militem
547 1809 661 1837 occisus
684 1812 727 1837 est
748 1817 893 1837 annorum
916 1807 1002 1836 trium
1025 1811 1052 1835 et
1076 1806 1231 1844 sexaginta.

168 1853 272 1882 Caesar
298 1852 472 1881 Octavianus
499 1851 593 1880 forum
622 1851 784 1888 Augustum
810 1849 968 1879 aedificavit
994 1850 1031 1885 (a.
1054 1858 1082 1877 u.
1107 1858 1131 1877 c.
1154 1849 1231 1881 711;

167 1904 192 1924 a.
210 1895 276 1924 Chr.
294 1904 322 1923 n,
340 1895 401 1931 43).
433 1893 557 1923 Cassiod.
574 1892 681 1929 chron]
