1367 2143
452 118 507 144 [ΑΒ.
529 118 803 143 Lxxxvt-Lxxxx.
1103 116 1158 146 161

90 211 122 236 ut
137 205 315 244 exploraret,
332 214 368 234 an
385 204 424 234 ibi
442 205 497 234 iam
513 204 671 244 Pompeius
688 208 781 239 esset,
805 208 833 232 et
850 203 1066 233 circumventus
1083 204 1163 234 navi-

90 248 155 283 bus,
172 257 244 286 quas
260 247 419 286 Pompeius
442 247 580 282 miserat,
603 247 631 276 in
649 256 679 276 se
697 255 838 275 mucrone
854 255 935 275 verso
952 246 985 275 ad
1004 251 1163 276 transtrum

91 290 170 320 navis
187 290 313 319 obnixus
329 290 463 328 corporis
480 289 610 328 pondere
626 288 769 318 incubuit.
800 288 852 317 Cn.
870 288 1028 327 Pompeius
1044 288 1073 318 in
1091 289 1163 318 Sici-

90 333 158 362 liam
177 342 243 362 cum
260 332 383 372 imperio
401 341 417 362 a
433 336 535 361 senatu
552 331 658 360 missus
675 331 727 360 Cn.
745 330 926 365 Carbonem,
944 331 992 369 qui
1010 331 1084 361 flens
1099 340 1164 361 mu-

90 374 223 405 liebriter
237 380 359 404 mortem
374 374 448 410 tulit,
464 379 581 413 captum
594 373 710 402 occidit.
738 372 815 411 Sylla
828 373 951 402 dictator
964 373 1068 408 sactus,
1086 374 1163 413 quod

92 426 179 447 nemo
197 426 335 456 umquam
354 417 476 452 fecerat,
502 425 568 445 cum
585 415 712 445 fascibus
729 420 867 454 quattuor
883 420 910 444 et
927 416 1027 454 viginti
1044 425 1164 455 proces-

91 460 137 489 sit.
169 459 284 498 legibus
307 459 388 488 novis
403 459 444 488 rei
471 458 605 497 publicae
627 462 733 487 statum
756 458 952 493 confirmavit;
978 458 1164 488 tribunorum

93 502 187 542 plebis
203 506 375 541 potestatem
392 501 500 530 minuit
516 505 542 529 et
560 509 647 529 omne
664 500 709 529 ius
727 500 824 538 legum
841 500 1027 530 ferendarum
1039 501 1164 537 ademit3

94 544 266 584 pontificum
283 552 485 582 augurumque
506 542 663 581 collegium
680 542 842 581 ampliavit,
866 546 898 571 ut
919 548 1017 572 essent
1041 543 1165 582 quinde-

94 587 166 622 cim;
184 591 316 616 senatum
333 595 367 615 ex
379 585 507 624 equestri
521 585 623 614 ordine
637 585 799 624 supplevit;
817 585 1052 624 proscriptorum
1066 585 1166 615 liberis

94 629 139 658 ius
162 629 354 668 petendorum
382 629 529 658 honorum
552 627 660 666 eripuit
684 632 713 656 et
737 627 814 656 hona
835 636 935 657 eorum
959 628 1103 664 vendidit,
1132 638 1166 657 ex

94 671 200 710 quibus
221 670 343 709 plurima
361 670 475 709 [prima]
493 670 605 709 rapuit;
629 670 779 699 redactum
802 675 845 699 est
864 670 1029 699 sestertium
1054 676 1096 700 ter
1111 671 1166 700 mi-

94 713 146 742 lies
160 713 354 751 quingenties.
379 712 412 746 Q.
424 713 593 742 Lucretium
605 712 728 741 Ofellam
741 712 880 742 adversus
892 713 1073 742 voluntatem
1086 723 1168 743 suam

93 755 279 785 consulatum
302 760 402 794 petere
422 764 526 784 ausum
547 755 629 784 iussit
648 755 740 784 occidi
757 755 786 784 in
805 755 868 784 soro
892 761 936 791 et,
960 765 1026 784 cum
1044 756 1099 785 hoc
1122 756 1166 786 in-

94 798 182 835 digne
198 798 285 827 ferret
299 797 427 836 populus
440 796 598 833 Romanus,
613 797 750 826 contione
763 797 899 826 advocata
911 806 942 826 se
955 798 1076 827 iussisse
1088 798 1167 828 dixit.

96 840 148 869 Cn.
164 839 323 878 Pompeius
342 839 371 869 in
389 840 485 869 Africa
503 840 554 868 Cn.
573 839 731 868 Domitium
755 839 952 878 proscriptum
976 844 1004 869 et
1020 840 1168 876 Hiarbam,

95 891 194 920 regem
210 882 378 917 Numidiae,
402 881 511 911 bellum
527 881 681 910 molientes
699 882 789 911 victos
804 882 910 911 occidit
927 887 955 911 et
978 887 1118 921 quattuor
1142 888 1169 913 et

95 924 196 962 viginti
213 933 307 953 annos
324 929 418 959 natus,
434 924 529 953 adhuc
542 933 631 962 eques
645 923 804 959 Romanus,
821 925 899 963 quod
912 925 985 954 nulli
998 926 1172 964 contigerat,

95 976 128 996 ex
146 966 242 996 Africa
264 966 462 1005 triumphavit.
504 966 534 995 C.
551 966 706 996 Norbanus
730 967 892 996 consularis
915 967 1114 1006 proscriptus,
1140 968 1168 997 in

96 1009 168 1039 urbe
191 1009 294 1038 Rhodo
318 1018 385 1037 cnm
409 1009 716 1047 conprehenderetur,
745 1009 807 1048 ipse
828 1019 859 1038 se
883 1010 999 1039 occidit.
1039 1010 1169 1045 Mutilus,

97 1060 173 1081 unus
191 1061 225 1081 ex
242 1051 425 1090 proscriptis,
442 1051 516 1080 clam
540 1051 634 1090 capite
651 1052 791 1090 adoperto
814 1052 849 1081 ad
866 1052 993 1090 posticas
1014 1053 1100 1082 aedes
1115 1053 1169 1082 Ba-

94 1094 166 1124 stiae
183 1094 283 1123 uxoris
299 1102 365 1122 cum
383 1093 569 1128 accessisset,
593 1093 737 1123 admissus
760 1103 820 1123 non
837 1099 895 1128 est,
918 1094 984 1133 qnia
1001 1094 1083 1124 illum
1100 1105 1170 1134 pro-

97 1136 240 1175 scriptum
257 1136 383 1172 (liceret;
409 1136 506 1175 itaque
523 1136 585 1174 ipse
601 1145 631 1165 se
649 1136 804 1165 transfodit
820 1141 848 1165 et
863 1137 1006 1175 sanguine
1022 1147 1075 1166 suo
1094 1138 1170 1167 fores

96 1179 198 1208 uxoris
220 1179 368 1218 respersit.
402 1178 480 1216 Sylla
503 1178 671 1207 Aeserniam
696 1178 725 1207 in
751 1178 870 1208 Samnio
895 1180 1014 1218 recepit.
1047 1180 1171 1219 quadra-

96 1221 176 1259 ginta
192 1225 303 1260 septem
323 1220 454 1259 legiones
471 1221 500 1249 in
517 1229 603 1258 agros
620 1228 722 1260 captos
737 1221 855 1250 deduxit
878 1226 905 1250 et
928 1231 978 1251 eos
1001 1222 1046 1251 his
1065 1222 1171 1251 divisit.

97 1263 272 1298 Volaterras,
289 1263 367 1302 quod
385 1263 525 1302 oppidum
542 1263 637 1292 adhuc
653 1263 682 1292 in
700 1263 787 1293 armis
804 1268 882 1298 erat,
899 1263 1051 1294 obsessum
1069 1265 1098 1294 in
1122 1265 1171 1294 de-

97 1306 238 1335 ditionem
254 1306 378 1344 aceepit.
406 1305 559 1344 Mitylenae
577 1314 694 1344 quoque
711 1306 741 1335 in
759 1306 835 1341 Asia,
853 1316 927 1344 quae
943 1306 1003 1336 sola
1022 1307 1092 1336 urbs
1106 1312 1173 1347 post

98 1349 205 1378 victum
221 1348 418 1377 Mithridatem
434 1357 513 1377 arma
530 1348 684 1383 retinebat,
702 1354 884 1387 expugnatae
908 1349 1078 1388 dirutaeque
1094 1355 1172 1379 sunt.

166 1399 188 1422 2.
200 1397 236 1421 ad
245 1399 329 1428 quem]
340 1397 376 1421 ad
385 1397 516 1428 eingesiigt
527 1397 591 1421 nach
602 1396 696 1424 Wssb.;
708 1397 780 1422 dastir
789 1397 852 1429 Mg.:
865 1400 1014 1430 quicum.—
1022 1399 1173 1430 adpulerat]

99 1431 162 1456 nach
174 1431 212 1456 ed.
224 1439 272 1463 pr.:
289 1430 355 1456 Jahn
367 1431 412 1455 mit
424 1431 496 1455 Naz.:
514 1432 682 1462 adpulerant.
697 1446 729 1449 —
740 1434 763 1456 4.
776 1434 909 1462 mucrone]
921 1433 985 1457 nach
996 1432 1043 1457 den
1055 1432 1172 1461 Hdsch1·.;

97 1464 162 1490 Jahn
180 1465 243 1490 nach
261 1465 312 1489 Gn:
329 1466 458 1489 mucroni.
476 1479 508 1482 —
524 1466 563 1490 26..
582 1465 747 1495 Aeserniam]
764 1466 826 1490 nach
845 1465 930 1494 Mms:
948 1466 1066 1491 lldschm
1083 1469 1172 1491 tntum.

535 1524 599 1548 LlB.
619 1524 737 1548 Lxxxx.

185 1568 323 1588 emmena
340 1568 514 1588 L113.Lxxxx.
546 1559 622 1597 Sylla
646 1559 785 1595 decessit,
810 1560 963 1599 honosque
989 1561 1014 1590 ei
1031 1570 1046 1589 a
1070 1565 1174 1590 senatu

101 1600 217 1630 habitus
240 1605 300 1637 est,
322 1602 400 1630 utin
425 1611 526 1640 campo
544 1601 648 1631 Martio
672 1602 853 1641 sepeliretur.
886 1603 923 1632 M.
941 1603 1086 1642 Lepidus,
1109 1613 1174 1633 cum

100 1648 164 1673 aeta
181 1643 276 1682 Syllae
300 1649 454 1683 temptaret
470 1644 653 1680 rescindere,
678 1644 787 1674 bellum
811 1645 955 1675 excitavit.
986 1655 1002 1675 a
1018 1645 1051 1680 Q.
1072 1645 1173 1675 Catulo

101 1685 212 1724 collega
230 1686 310 1716 Italia
326 1686 429 1725 pulsus
445 1691 472 1715 et
488 1686 517 1715 in
536 1686 669 1716 Sardinia
686 1687 791 1717 frustra
814 1687 923 1717 bellum
940 1688 1059 1718 molitus
1076 1688 1172 1727 periit.

101 1728 139 1757 M.
156 1728 272 1764 Brutus,
291 1729 340 1767 qui
358 1728 534 1768 Cisalpinam
551 1729 672 1759 Galliam
690 1729 850 1765 obtinebat,
867 1740 882 1759 a
899 1730 952 1759 Cn.
968 1730 1107 1770 Pompeio
1125 1740 1175 1760 oc-

102 1770 180 1800 cisus
197 1775 248 1800 est.
280 1770 314 1805 Q.
332 1771 481 1801 Sertorius
498 1772 681 1812 proscriptus
705 1772 734 1801 in
752 1772 890 1802 ulteriore
908 1773 1047 1812 Hispania
1071 1773 1176 1812 ingens

103 1812 212 1842 bellum
235 1814 376 1843 excitavit.
409 1814 441 1842 L.
460 1813 584 1843 Manlius
608 1815 768 1854 proconsul
792 1819 820 1844 et
842 1815 874 1844 L.
901 1815 1044 1845 Domitius
1064 1816 1176 1854 legatus

104 1854 139 1883 ab
154 1854 294 1885 Hirtuleio
313 1861 467 1895 quaestore
485 1857 598 1895 proelio
615 1857 680 1887 victi
698 1862 777 1886 sunt.
806 1863 954 1896 praeterea
971 1867 1018 1888 res
1034 1868 1049 1888 a
1062 1858 1094 1888 P.
1108 1858 1176 1888 Ser-

105 1896 172 1926 vilio
189 1898 366 1936 proconsule
381 1899 520 1928 adversus
536 1899 640 1930 Cilicas
656 1904 751 1939 gestas
768 1900 908 1930 continet.

175 1947 197 1971 7.
216 1946 246 1972 L.
265 1948 406 1978 Domitius]
426 1949 490 1974 nach
510 1948 574 1981 Sig.:
594 1949 698 1975 Hdschr.
718 1958 751 1974 m.
770 1949 903 1976 domitius.

159 1991 182 2011 T.
193 1992 240 2013 mv.
250 1993 273 2013 x.
284 1994 302 2014 ε).
316 1995 334 2014 ⁶2.
345 1995 398 2015 aaa.
995 1995 1020 2018 ¹¹

1187 294 1200 318 5

1190 506 1217 531 lt)

1192 718 1218 742 15

1195 930 1222 954 20

1195 1142 1222 1166 25

1196 1355 1224 1378 30
