1367 2143
403 99 495 126 LIBER
513 99 655 125 ΧΧΧΧΙΙΠ.
691 98 762 124 CAP.
781 99 821 124 22.

85 112 104 126 a.
114 108 161 128 cur.
172 115 194 129 n.
208 109 252 129 ies.
1098 98 1158 127 107

87 187 182 223 etiam,
195 187 219 218 si
233 187 276 217 dis
288 186 392 227 placet,
409 186 439 216 in
453 186 594 217 conviviis
605 189 682 222 sunt,
697 185 746 224 qui
759 185 904 215 exercitus
916 186 946 215 in
959 185 1159 216 Macedoniam

86 230 204 266 ducant,
220 229 270 260 ubi
286 234 380 260 castra
395 229 517 259 iocanda
534 229 593 259 sint
607 228 709 264 sciant,
730 237 804 266 quae
820 227 883 257 loca
899 228 1054 267 praesidiis
1069 237 1159 258 occu-

87 273 192 311 panda,
209 272 324 311 quando
341 276 391 302 aut
406 281 465 310 quo
481 271 555 302 saltu
572 270 705 301 intranda
721 270 900 306 Macedonia,
918 270 968 300 ubi
985 271 1089 301 horrea
1106 280 1159 310 po-

87 315 199 351 nenda,
223 324 280 354 qua
303 319 395 351 terra,
419 314 490 344 mari
511 313 711 344 subvehantur
733 318 929 348 commeatus,
954 313 1071 352 quando
1091 323 1159 344 cum

87 357 169 386 hoste
186 366 291 388 manus
307 357 516 393 conserendae,
532 355 650 394 quando
666 355 784 394 quiesse
799 355 836 385 sit
851 355 966 385 melius.
1004 365 1073 393 nee,
1090 356 1160 395 quid

87 400 251 430 faciendum
268 400 321 436 sit,
343 399 430 429 modo
446 401 593 434 statuunt,
615 397 683 433 sed,
707 397 850 436 quidquid
873 397 970 434 aliter,
994 407 1080 437 quam
1103 399 1159 437 ipsi

86 450 243 478 censuere,
268 443 376 472 sactum
393 445 450 477 est,
473 440 624 471 consulem
647 440 734 470 veluti
752 440 827 470 dicta
844 440 890 470 die
906 445 1056 470 accusant.
1087 441 1159 471 haee

86 493 189 522 magna
207 485 412 523 impedimenta
425 493 471 513 res
483 482 655 522 gerentibus
666 488 748 518 sunu
773 492 870 521 neque
886 483 964 512 enim
981 492 1084 513 omnes
1102 487 1159 513 tam

85 527 160 555 tirmi
173 532 202 556 et
214 527 374 556 constantis
384 526 472 555 animi
489 529 591 555 contra
604 525 759 555 adversum
776 534 925 554 rumorem
942 534 1006 555 esse
1023 530 1159 564 possunt,

84 579 169 607 quam
193 572 226 604 Q.
245 569 351 599 Fabius
366 568 435 603 suit,
457 568 506 606 qui
530 577 618 598 suum
639 567 796 606 imperium
818 568 912 597 minui
935 577 990 605 per
1005 568 1160 598 vanitatem

86 612 187 650 populi
210 611 312 641 maluit
335 620 420 650 quam
443 610 572 640 secunda
595 610 668 640 sama
690 610 764 640 male
787 619 848 640 rem
872 609 1019 649 publicam
1048 619 1160 649 gerere.

87 664 146 683 uon
164 663 227 683 sum
245 654 279 688 is,
295 653 344 692 qui
366 662 426 682 non
449 653 623 682 existumem
639 652 842 682 admonendos
859 653 949 682 duces
965 662 1045 689 esse;
1068 653 1158 683 immo

84 705 166 732 eum,
190 696 240 735 qui
257 697 291 726 de
307 704 358 725 sua
375 695 463 724 unius
479 695 624 725 sententia
641 695 739 725 omnia
756 700 852 733 gerat,
877 695 1040 734 superbum
1062 695 1161 725 iudico

85 779 164 803 tethin
185 780 209 811 (ξ
236 779 303 810 101.)
328 778 372 803 das
395 778 532 803 Verhalten
551 778 595 803 der

84 812 228 841 menschen.
244 811 380 838 besonders
389 812 433 837 der
444 812 594 837 Feldherren

82 847 146 872 dazu
166 846 327 879 gescbildert.

118 882 141 907 S.
162 881 279 911 circulis]
291 879 375 905 Kreise
387 887 437 904 von
448 879 593 910 Menschen,

83 914 123 939 die
147 914 249 947 zurfillig
273 921 416 939 zusammen
442 913 594 945 gekommen

82 949 138 973 siud
158 949 192 979 (in
212 948 323 979 Bfidern,
343 947 430 972 Hallen
450 950 525 978 usw.)
543 947 595 972 und

83 982 135 1007 sich
155 982 327 1010 unterhalten:
352 989 373 1007 s.
392 989 423 1006 zu
443 983 484 1012 3⁴,
503 983 544 1012 37,
566 983 591 1011 1;

82 1016 197 1049 dagegen
218 1015 513 1048 convivia=gesellige
533 1015 593 1040 Ver-

81 1050 139 1075 eine
159 1050 292 1082 geladener
309 1049 397 1078 Gfiste:
425 1049 510 1074 beides
530 1050 594 1074 §fter

83 1084 128 1109 mit
147 1084 266 1109 einander
278 1083 439 1111 verbunden:
459 1092 479 1110 s.
499 1085 540 1115 32,
552 1085 594 1114 20,

83 1120 109 1147 3;
130 1119 170 1148 34,
190 1120 230 1148 61,
249 1121 276 1147 5:
295 1117 345 1143 Cic.
365 1117 396 1142 ad
407 1118 460 1142 Att.
479 1119 502 1149 2,
525 1119 563 1147 18,
580 1120 593 1143 2

83 1160 106 1177 u.
125 1160 161 1180 a.;
184 1152 235 1184 vgl.
254 1151 422 1182 Friedliinder‚
440 1151 595 1177 Darstellun-

81 1193 130 1218 gen
150 1193 196 1211 aus
213 1186 257 1211 der
275 1185 322 1211 SG.
341 1185 418 1210 Roms
440 1187 461 1216 1,
475 1187 522 1211 281
534 1185 551 1210 s.
563 1200 597 1204 —

81 1222 105 1244 si
122 1220 164 1244 dis
180 1220 276 1252 placet]
298 1220 346 1244 wie
365 1221 389 1249 4,
402 1221 463 1249 3‚9;
483 1219 534 1252 vgl.
549 1219 596 1245 Do-

82 1257 132 1278 nat.
146 1261 177 1278 zu
189 1253 289 1279 Terent.
301 1253 363 1278 Eun.
373 1254 434 1278 919:
454 1255 596 1285 proprium

82 1291 121 1312 est
139 1288 314 1312 eal-clamantis
338 1290 449 1319 propter
471 1287 595 1319 indigna-

82 1324 180 1346 tionem
199 1322 316 1346 alicuius
334 1323 383 1346 rei.
409 1321 458 1346 Zur
475 1321 556 1346 Saone
574 1329 594 1346 s.

81 1355 136 1380 Pol.
155 1363 177 1381 a.
197 1363 219 1380 a
239 1355 282 1380 O:
308 1353 407 1382 αὐτοῖς
429 1354 498 1388 μίαν
523 1353 595 1388 ἔχειν

81 1388 226 1428 διατριβὴν
240 1388 284 1413 καὶ
298 1388 373 1429 παρὰ
387 1387 435 1416 τὰς
448 1396 594 1416 σινοισιας

79 1431 125 1447 xta
145 1432 220 1456 naen
245 1422 293 1450 ‘lits
311 1421 340 1448 ἐν
359 1424 416 1449 Ῐθῖξ
433 1431 595 1464 Περίπίίΐθίς

81 1456 188 1491 ὁμιλία,
207 1456 320 1482 διοικεῖν
340 1454 438 1484 ‹cira-13,-
457 1455 486 1481 ἔν
501 1455 592 1497 “Ρωάἠ

80 1500 122 1516 και
120 1492 261 1532 ‘irpivmck
271 1490 320 1515 τὸν
332 1489 361 1516 ἐι
374 1490 533 1523 ῚΙακεδονίᾳ
546 1493 594 1515 πό-

80 1512 195 1551 ὶειιον..
208 1545 214 1550 .
234 1524 261 1553 ἐξ
279 1524 318 1550 ὡν
337 1523 432 1555 ὅννσιν
450 1524 501 1558 μέν
521 1524 594 1550 οὐδέ-

80 1568 146 1585 ποτε
163 1559 311 1592 γίγνεσθαι
330 1561 387 1586 τοῖς
396 1561 498 1586 κοινοῖς
507 1559 594 1600 πράγ-

80 1602 159 1627 μασι,
180 1592 283 1625 fficissqv
302 1592 331 1618 δὲ
346 1591 472 1620 πολλάκις
487 1593 532 1618 καὶ
551 1592 593 1618 ἐπὶ

81 1628 188 1653 πολλῶν
212 1627 362 1660 μγονένιιι.
404 1626 448 1651 καὶ
476 1627 538 1652 τότε
566 1626 595 1652 δὲ

81 1661 144 1689 τοῖς
162 1660 250 1701 ἄρχοι
253 1670 299 1688 τας
308 1670 361 1702 με)
356 1661 414 1685 (ἔλα
424 1659 595 1692 βλάπτεσθαι

82 1694 185 1723 διὰτὰς
195 1694 324 1728 ἀκαίροις
334 1694 535 1736 εἶρνσιλογὶας·
546 1704 593 1720 πα

83 1737 131 1760 σης
148 1729 202 1763 γὰρ
222 1729 349 1761 διαθολῆς
371 1728 484 1762 ἐχοίσης
503 1727 549 1758 ὀξύ
570 1739 595 1754 τι

82 1762 125 1788 καὶ
149 1763 287 1794 κινητικόν
307 1783 311 1788 .
331 1783 336 1788 .
356 1778 388 1782 ——
408 1763 518 1795 ducant]
543 1764 596 1796 Mg.

82 1798 135 1823 will
159 1805 205 1823 aus
233 1798 277 1822 der
304 1792 494 1830 [borlieserung
520 1798 597 1822 ι’-ηιίιι

84 1835 146 1856 eane
164 1832 314 1859 herstenen:
340 1832 391 1864 vgl.
411 1833 457 1862 20,
478 1834 505 1861 2·
531 1832 596 1857 doch

85 1865 183 1890 scheint
201 1866 225 1890 in
245 1865 292 1890 den
306 1866 408 1890 Worten
428 1868 596 1891 exercilus..

86 1899 242 1931 occupanda
266 1908 313 1924 nur
338 1908 396 1924 vom
419 1899 533 1925 Marsche
554 1900 597 1931 ¹bis

85 1939 116 1956 an
127 1932 166 1958 die
176 1932 271 1958 Grenze
280 1933 459 1959 Macedoniens
478 1934 518 1959 die
529 1934 597 1959 Rede

648 786 678 803 zu
697 779 759 804 sein.
788 778 823 803 Zu
843 778 887 803 der
905 778 1040 810 soigendeu
1054 777 1163 804 Darstel*

648 813 709 844 lung
736 813 780 837 der
804 812 1003 838 verschiedenen
1029 812 1164 846 Obiiegen-

648 846 732 871 heiten
758 846 802 871 des
821 846 957 871 Feldberrn
976 847 1028 878 vgl.
1048 848 1093 875 35,
1122 848 1163 878 28,

648 880 690 905 21¹.
709 895 742 898 —
760 882 859 911 sciant]
885 881 937 912 vgl.
957 881 998 911 22,
1022 882 1063 912 38,
1086 882 1111 906 9.
1129 895 1163 899 —

648 918 721 939 tet-ra
745 915 825 944 mari]
853 914 1056 946 zweigliedriges
1080 915 1163 947 Asyn-

647 947 736 977 det0n;
756 948 809 980 vgl.
825 955 856 972 zu
875 950 915 978 21,
927 949 967 977 28,
979 949 1001 973 2.
1014 962 1049 966 -
1062 950 1164 980 quiesse

646 983 682 1006 sit
707 982 810 1012 melius]
843 989 864 1008 s.
887 984 929 1013 36,
956 983 996 1011 13;
1024 984 1047 1014 3,
1072 984 1114 1014 41,
1139 984 1164 1008 3.

647 1017 690 1044 43.
708 1018 731 1041 3.

681 1051 706 1075 9.
726 1050 814 1081 aliter,
833 1051 922 1082 quam]
942 1058 963 1075 s.
979 1058 1010 1075 zu
1029 1051 1053 1081 2,
1072 1051 1115 1082 27,
1135 1052 1162 1078 7:

647 1091 691 1108 zur
711 1084 792 1109 Sache
810 1084 862 1116 vgl.
874 1083 928 1109 Pol.
948 1091 970 1108 a.
991 1091 1013 1109 a.
1033 1084 1076 1109 Ο..
1072 1094 1076 1098 -
1096 1083 1163 1109 ποτὲ

647 1117 698 1150 μὲν
724 1116 909 1150 ἐπιτιμῶντας
942 1119 998 1145 τοῖς
1027 1117 1078 1142 ὑπὸ
1107 1119 1164 1142 τῶν

648 1160 772 1184 atei-ary)
775 1161 813 1175 ων
823 1152 1031 1185 πραττομένοις,
1049 1151 1115 1177 ποτὲ
1134 1151 1163 1177 δὲ

649 1185 682 1210 τὰ
706 1185 928 1218 πτιραλειπόαενα
953 1184 1163 1214 διεξιόντας.-

649 1220 732 1244 teluti
757 1220 828 1244 dicta
848 1220 900 1251 dte]
927 1220 964 1245 als
990 1220 1022 1245 ob
1045 1221 1082 1245 sie
1107 1221 1164 1245 eine

649 1253 781 1278 sbrmliche
800 1253 888 1286 mage,
907 1257 974 1279 etwa
993 1261 1084 1287 wegen
1094 1254 1164 1279 Miss-

648 1288 756 1313 brauchs
770 1287 815 1312 der
824 1288 1002 1319 Amtsgewalt.
1019 1295 1101 1320 gegen
1121 1288 1164 1313 ihn

648 1322 796 1350 anstellten:
816 1322 972 1354 vgl.24‚25,
992 1323 1016 1350 1;
1036 1330 1066 1347 zu
1087 1330 1165 1347 accu-

647 1359 710 1380 sant
718 1355 786 1380 kann
804 1356 834 1380 id
852 1356 913 1381 oder
933 1356 962 1380 de
974 1358 1022 1387 (in)
1034 1364 1063 1380 eo
1077 1356 1165 1381 hinzu-

647 1389 759 1422 gedaeht
777 1389 888 1415 werden.

685 1425 722 1449 10
748 1423 960 1454 impedimenta.
978 1423 994 1456 .]
1021 1424 1075 1456 xgl.
1095 1424 1163 1450 Plut.

650 1459 693 1482 ll:
713 1456 760 1482 ἐὰν
780 1458 914 1497 «ἴσχοντος
927 1455 1022 1491 ἄρχειν
1036 1458 1162 1488 ζητῶσιν,

646 1489 687 1516 ἔτι
705 1491 808 1524 μᾶλλον
833 1490 847 1521 ἢ
873 1493 923 1516 νῦν
944 1491 1164 1532 καταγελάστοι;

647 1524 676 1550 ἐν
696 1527 754 1552 tals·
778 1525 934 1557 σῖθῑίῖἕὶαίς
958 1524 1111 1558 Edopivmc.
1132 1540 1164 1545 —

648 1560 755 1591 contra]
776 1568 796 1584 s.
816 1560 875 1585 Sall.
896 1559 955 1592 Jug.
968 1561 1008 1591 28
1019 1562 1048 1585 5:
1067 1560 1165 1590 firmis-

647 1596 730 1618 simus
747 1597 841 1618 contra
854 1594 976 1625 pericula
996 1597 1021 1617 ot
1039 1594 1163 1622 insidias;

647 1627 863 1686 {ik‘h3222-3'19’328
871 1635 927 1687 ³23⁰
939 1629 987 1686 9²⁸¹
1002 1629 1166 1693 ”siml-1²¹?

766 1681 779 1694 Ο
793 1682 798 1687 ·
854 1682 860 1693 ⁵
914 1681 919 1692 r
957 1681 964 1687 ·
1158 1681 1163 1687 ·

648 1697 689 1725 22,
701 1698 742 1725 25,
755 1698 763 1720 1
775 1696 831 1720 11—
840 1703 889 1727 per
899 1697 1055 1726 vanitatem]
1066 1696 1164 1728 Gegen-

648 1733 702 1754 satz
712 1730 757 1754 der
767 1731 932 1754 constantia:
951 1729 1047 1762 insolge
1058 1729 1102 1755 der
1114 1730 1163 1755 Un-

649 1763 839 1795 bestfindigkeit
864 1763 914 1787 und
933 1763 978 1788 des
997 1763 1163 1790 Leichtsinns.

687 1800 725 1823 11.
746 1799 834 1827 immo]
855 1805 875 1822 s,
885 1799 927 1829 41,
940 1799 963 1827 7,
980 1799 1003 1822 9.
1023 1812 1055 1816 —-
1073 1806 1164 1830 super-

651 1833 720 1862 bum]
747 1832 800 1863 vgl.
819 1839 849 1856 zu
869 1832 914 1861 23
936 1817 979 1862 12,
998 1833 1021 1857 9.
1041 1847 1075 1850 -
1099 1833 1166 1873 quid

651 1873 714 1897 ergo
726 1869 773 1889 est.
765 1851 807 1898 bot]
811 1865 859 1890 wie
868 1865 968 1890 verhalt
978 1873 1004 1891 es
1015 1866 1067 1891 sich
1078 1864 1164 1896 aiso’?

650 1900 718 1924 fiihrt
734 1900 779 1924 das
797 1899 911 1924 wirklich
923 1899 1107 1925 Statthabende
1124 1901 1163 1925 ein

650 1933 701 1958 und
726 1933 796 1959 stellt
821 1941 848 1958 es
866 1933 1101 1964 (nachdrficklicher
1127 1934 1164 1959 als

1178 447 1206 470 10

1177 658 1202 682 11
