1367 2143
525 123 580 150 ΗΒ.
601 123 730 148 Lxxxxt.
1104 122 1162 152 ¹63

91 220 148 249 quc
171 210 200 239 in
218 210 425 249 oppugnandis
448 209 571 239 urbibus
594 210 720 240 hostium
744 209 896 248 gessisset,
920 210 1055 249 exposuit
1079 216 1105 240 et
1129 211 1164 240 ad

92 253 201 291 reliqua
225 252 292 281 belli
317 253 487 282 cohortatus
511 257 553 282 est
571 253 671 292 paucis
689 252 822 287 edoctos,
847 256 988 290 quantum
1006 252 1163 292 Hispaniae

91 295 257 335 provinciae
276 295 429 325 interesset
445 303 512 324 suas
528 300 624 334 partes
640 295 808 334 superiores
825 303 897 324 esse.
925 294 1044 325 dimisso
1058 295 1163 326 deinde

91 342 236 367 conventu
262 338 406 376 iussisque
431 337 567 367 omnibus
589 337 660 367 bono
683 339 780 366 animo
803 346 859 366 esse
881 343 963 376 atque
985 337 1013 366 in
1036 338 1164 367 civitates

91 386 231 410 revertere
254 389 337 415 suaS,
361 380 506 419 principio
530 380 604 409 veris
620 379 657 408 Μ.
676 379 852 418 Perpernam
877 388 943 408 cum
967 380 1067 417 viginti
1087 380 1162 409 mili-

91 423 144 452 bus
160 423 306 462 peditum,
327 422 475 462 equitibus
491 421 570 451 mille
586 422 774 461 quingentis,
791 422 820 451 in
838 421 1025 451 Ilurcaonum
1045 427 1162 461 gentem

91 465 169 494 misit
184 465 218 494 ad
237 465 372 494 tuendam
390 464 519 503 regionis
535 464 598 494 eius
614 464 787 494 maritimam
805 473 884 493 oram
902 464 976 493 datis
989 465 1162 504 praeceptis,

90 507 197 547 quibus
224 507 377 537 itineribus
401 507 520 536 duceret
547 507 581 536 ad
608 507 806 536 defendendas
832 506 927 536 socias
954 507 1057 542 urbes,
1092 517 1163 546 quas

91 550 248 589 Pompeius
264 555 448 588 oppugnaret
470 549 636 587 quibusque
653 549 747 588 ipsum
769 558 873 588 agmen
890 549 1011 588 Pompei
1036 559 1068 579 ex
1092 550 1162 579 insi-

90 593 143 622 diis
159 592 377 629 adgrederetur.

175 634 284 663 Eodcm
312 639 443 672 tempore
470 638 498 663 et
518 634 553 663 ad
576 633 823 670 Herennuleium,
852 634 901 673 qui
925 634 953 663 in
977 634 1066 663 isdem
1091 633 1162 663 locis

91 682 165 712 erat,
190 676 298 706 litteras
319 676 397 705 misit
422 680 450 705 et
472 676 501 705 in
525 676 642 706 alteram
667 676 846 715 provinciam
874 677 908 706 ad
930 676 962 705 L.
985 676 1161 706 Hirtuleium

89 719 288 759 praecipiens,
312 727 398 757 quem
423 719 457 748 ad
480 719 599 748 modum
621 718 729 747 bellum
751 719 945 748 administrari
969 719 1070 748 vellet:
1095 724 1162 748 ante

90 761 187 790 omnia
211 766 242 789 ut
258 761 295 790 ita
312 761 406 790 socias
422 761 551 790 civitates
568 766 714 796 tueretur,
733 770 768 790 ne
785 762 845 791 acie
862 771 928 791 cum
945 761 1060 791 Metello
1077 761 1162 791 dimi-

89 809 182 839 caret,
199 803 245 832 cui
264 812 317 832 uec
334 804 505 833 auctoritate
529 812 581 832 nec
599 803 708 833 viribus
723 813 775 842 par
791 808 881 839 esset;
906 813 943 833 ne
967 804 1022 843 ipsi
1045 803 1162 842 quidem

89 845 246 876 consilium
264 855 326 875 esse
343 846 450 875 ducere
465 846 603 875 adversus
619 846 790 885 Pompeium
808 846 874 876 iam.
911 856 1006 885 neque
1022 846 1051 875 in
1069 846 1161 875 aciem

89 889 298 918 descensurum
311 897 378 917 eum
392 888 526 918 credebat
538 899 544 917 ε
558 889 581 918 si
597 889 758 918 traheretur
770 888 889 923 bellum,
904 889 990 923 hosti,
1004 898 1070 918 cum
1082 897 1162 917 mare

88 931 123 961 ab
141 936 222 969 tergo
239 931 464 970 provinciasque
480 940 583 960 omnes
599 931 628 960 in
645 935 789 970 potestate
806 931 925 961 haberet
936 955 943 966 ,
969 931 1090 961 navibus
1106 940 1162 960 un-

89 974 175 1012 dique
190 978 370 1003 commeatus
383 977 536 1008 venturos;
554 973 609 1012 ipsi
622 978 730 1009 autem,
748 974 931 1012 consumptis
944 974 1042 1013 priore
1054 978 1162 1003 aestate

89 1025 163 1055 quae
180 1020 348 1055 praeparata
367 1015 506 1051 tuissent,
522 1015 654 1044 omnium
671 1025 769 1045 rerum
787 1016 917 1054 inopiam
934 1016 1005 1045 fore.
1038 1015 1161 1054 Perper-

88 1067 155 1088 nam
180 1059 209 1087 in
233 1058 406 1087 maritimam
424 1058 574 1096 regionem
591 1059 828 1097 superpositum,
846 1064 878 1087 ut
894 1068 940 1092 ea,
958 1068 1032 1097 quae
1049 1059 1161 1096 integra

85 1101 180 1130 adhuc
196 1099 230 1129 ab
247 1100 331 1129 hoste
347 1100 414 1135 sint,
433 1100 505 1129 tueri
523 1105 632 1139 posset,
649 1105 686 1136 et,
703 1100 726 1129 si
743 1110 799 1139 qua
816 1101 931 1130 occasio
948 1101 1042 1134 detur,
1058 1101 1161 1129 incau-

86 1148 130 1172 tos
146 1152 198 1182 per
215 1148 330 1181 tempus
347 1143 563 1181 adgressurum.
595 1143 657 1181 ipse
681 1152 747 1172 cum
764 1152 817 1172 suo
834 1144 962 1172 exercitu
985 1143 1015 1172 in
1032 1143 1161 1172 Berones

85 1190 111 1214 et
130 1185 305 1215 Autricones
321 1185 458 1224 progredi
475 1185 591 1221 statuit;
608 1195 623 1214 a
640 1185 747 1224 quibus
764 1195 850 1224 saepe
866 1195 919 1224 per
935 1186 1071 1221 hiemem,
1093 1194 1161 1214 cum

84 1227 120 1257 ab
142 1237 172 1257 se
195 1232 439 1266 oppugnarentur
461 1227 633 1257 Celtiberiae
656 1227 760 1263 urbes,
788 1227 963 1267 inploratam
988 1237 1051 1257 esse
1074 1236 1160 1267 opem

85 1270 206 1309 Pompei
220 1275 393 1308 conpererat
407 1270 580 1308 missosque,
598 1270 648 1308 qui
661 1270 764 1299 itinera
777 1270 916 1300 exercitui
930 1270 1061 1299 Romano
1075 1279 1160 1299 mon-

84 1317 220 1347 strarent,
237 1317 264 1341 et
280 1312 315 1341 ab
330 1312 459 1350 ipsorum
473 1312 621 1351 equitibus
637 1317 755 1342 vexatos
767 1321 855 1351 saepe
868 1313 974 1342 milites
987 1321 1067 1347 suos,
1085 1322 1162 1351 quo-

85 1364 212 1394 cumque
229 1364 244 1383 a
261 1355 363 1384 castris
386 1364 438 1393 per
461 1355 716 1393 oppugnationem
733 1355 907 1384 Contrebiae
930 1355 1088 1394 pabulandi
1111 1359 1160 1384 aut

85 1397 281 1427 frumentandi
298 1406 383 1426 eausa
400 1398 597 1427 accessissent.
623 1398 778 1427 transitum
797 1406 915 1436 quoque
932 1398 986 1426 sibi
1004 1407 1057 1436 per
1072 1397 1159 1426 Arva-

85 1449 135 1468 cos
157 1440 186 1468 in
204 1439 402 1478 Carpetaniam
421 1440 449 1468 in
467 1440 602 1474 expedito
620 1440 682 1469 fore
694 1463 700 1474 ,
723 1440 802 1469 unde
824 1440 900 1469 velut
918 1449 952 1469 ex
969 1439 1045 1468 bello
1063 1440 1160 1469 consi-

85 1482 156 1511 lium
173 1491 203 1511 se
220 1482 375 1517 initurum,
390 1487 487 1511 utrum
505 1483 588 1520 prius
604 1483 734 1518 hostem,
757 1487 851 1511 utram
874 1483 1054 1521 provinciam
1071 1488 1159 1521 petat,

85 1525 298 1553 maritimamne
322 1533 417 1559 oram.
441 1529 472 1553 ut¹
491 1524 664 1563 Pompeium
687 1524 722 1554 ab
738 1524 897 1554 Ilercaonia
921 1529 949 1554 et
971 1524 1159 1554 Contestania

84 1572 195 1602 arceat,
221 1571 343 1605 utraque
364 1566 441 1596 socia
464 1572 565 1605 gente,
587 1577 624 1596 an
647 1567 680 1597 ad
705 1566 854 1596 Metellum
877 1572 905 1596 et
928 1565 1104 1596 Lusitaniam
1130 1576 1161 1595 se

86 1613 244 1638 convertat.

171 1651 249 1680 Haec
265 1659 365 1680 secum
382 1651 496 1689 agitans
515 1651 664 1681 Sertorius
681 1656 797 1690 praeter
815 1651 957 1681 Hiberum
975 1660 1092 1681 amnem
1109 1661 1162 1690 per

86 1698 205 1733 pacatos
227 1702 314 1732 agros
337 1693 469 1732 quietum
493 1694 650 1724 exercitum
674 1694 738 1723 sine
760 1694 849 1724 ullius
874 1703 948 1723 noxa
968 1694 1059 1723 duxit.
1090 1703 1160 1733 pro-

86 1736 179 1766 rectus
196 1736 262 1765 inde
279 1736 308 1765 in
326 1736 510 1765 Bursaonum
526 1741 554 1766 et
570 1736 813 1766 Cascantinorum
837 1741 865 1766 et
882 1736 1160 1766 Graccuritanorum

86 1779 174 1814 fines,
198 1779 331 1808 evastatis
353 1778 491 1807 omnibus
507 1779 745 1818 proculcatisque
761 1779 906 1817 segetibus
927 1779 961 1808 ad
978 1778 1159 1817 Calagurrim

86 1820 234 1855 Nasicam,
257 1821 405 1851 sociorum
423 1821 542 1856 urbem,
564 1822 641 1851 venit
665 1827 924 1860 transgressusque
949 1830 1064 1850 amnem
1088 1831 1158 1860 pro-

85 1862 229 1902 pinquum
247 1863 311 1893 urbi
329 1868 419 1903 ponte
437 1864 512 1893 facto
535 1868 628 1894 castra
645 1864 752 1903 posuit.
784 1870 902 1903 postero
919 1864 964 1893 die
981 1863 1019 1892 M.
1036 1863 1160 1893 Marium

87 1911 270 1943 quaestorem
288 1906 317 1935 in
336 1907 461 1936 Arvacos
477 1911 503 1936 et
521 1906 702 1936 Cerindones
724 1907 802 1936 misit
824 1907 858 1936 ad
880 1906 1110 1936 conscribendos
1125 1915 1159 1935 ex

87 1947 122 1976 iis
138 1949 274 1985 gentibus
289 1949 398 1978 milites
422 1950 662 1988 frumentumque
684 1950 751 1978 inde
768 1949 954 1978 Contrebiam
965 1972 972 1983 ,
997 1958 1067 1988 quae
1083 1949 1159 1978 Leu-

960 1998 1006 2023 11*

1187 385 1215 409 35

1187 597 1215 620 40

1185 808 1214 832 47»

1185 1020 1214 1044 50

1185 1233 1212 1256 55

1184 1657 1213 1680 65
