1367 2143
450 100 506 126 [AB.
526 99 841 124 xxxxvt—xxxxvlu.
1117 95 1175 124 137

525 184 590 209 LlB.
610 183 763 208 xxxxvttt.

194 238 330 258 Pb‘nttmtn
348 239 402 258 mn.
416 237 549 258 xxxxviii.
577 228 715 257 Lustrum
733 236 747 256 a
765 226 936 255 censoribus
952 226 1101 255 conditum
1119 231 1178 262 est;

111 281 196 301 censa
213 276 279 301 sunt
298 272 402 301 civium
420 271 512 310 capita
531 274 657 300 trecenta
674 269 775 307 viginti
794 273 931 307 quattuor
947 268 1034 298 milia.
1069 269 1176 298 semina

110 315 185 344 tertii
210 314 276 343 belli
294 314 396 343 Punici
419 314 596 343 reseruntur.
631 321 695 341 cum
720 312 747 340 in
772 311 879 340 finibus
895 310 1178 349 Carthaginiensium

111 357 214 394 ingens
228 357 416 386 Numidarum
434 356 577 384 exercitus
590 354 663 383 duce
676 353 885 388 Arcobarzane,
903 353 1044 392 Syphacis
1062 358 1178 393 nepote,

110 399 255 428 diceretur
271 409 342 429 esse.
360 399 396 428 M.
414 398 535 427 Porcius
551 397 620 426 Cato
637 397 742 431 suasit,
760 401 788 425 ut
807 396 1111 433 Carthaginiensibus,
1130 397 1177 435 qui

111 442 268 471 exercitum
286 442 382 480 specie
399 444 498 470 contra
515 439 706 473 Masinissam,
724 448 754 468 re
771 443 872 467 contra
891 438 1037 467 Romanos
1054 439 1177 468 accitum

111 484 138 512 in
157 484 266 513 linibus
282 483 437 517 haberent,
454 482 562 511 bellum
580 481 766 510 indiceretur.
801 485 904 510 contra
927 481 1041 509 dicente
1060 481 1090 509 Ρ.
1108 481 1178 510 Cor-

112 526 188 555 nelio
202 526 301 555 Nasica
315 525 423 564 placuit
440 525 550 563 legatos
563 524 637 552 mitti
651 523 865 561 Carthaginem,
883 523 931 561 qui
946 523 1178 562 specularentur,

112 569 180 607 quid
197 573 339 606 ageretur.
374 567 511 605 castigato
534 571 635 595 senatu
653 565 953 603 Carthaginiensium,
977 566 1054 604 quod
1079 571 1178 595 contra

111 611 213 640 foedus
236 616 261 639 et
286 610 443 639 exercitum
468 614 494 638 et
511 608 627 638 navales
650 609 786 638 materias
802 608 959 643 haberent,
984 617 1084 647 pacem
1104 609 1180 637 inter

111 662 160 682 cos
183 658 209 682 ct
227 652 406 682 Masinissam
430 652 524 681 facere
547 651 701 680 voluerunt
725 650 874 680 Masinissa
897 660 983 688 agro,
1007 651 1042 680 de
1065 660 1123 689 quo
1146 651 1180 680 lis

112 700 181 730 erat,
198 695 336 730 cedente3
354 695 402 723 sed
419 694 518 731 Gisgo,
535 693 708 723 Hamilcaris
726 693 812 727 filius,
828 693 916 722 homo
934 693 1106 726 seditiosus,
1132 693 1179 732 qui

112 742 172 766 tum
190 738 218 766 in
236 737 404 775 magistratu
423 742 493 771 erat,
510 745 575 765 cum
593 741 711 765 senatus
728 736 891 774 pariturum
908 745 938 764 se
956 735 1062 765 iudicio
1080 736 1181 773 legatis

111 780 243 814 dixisset,
267 780 303 808 ita
327 779 480 808 concitavit
502 778 640 817 populum
665 778 772 807 bellum
795 778 932 807 adversus
949 778 1097 807 Romanos
1114 787 1179 807 sua·

111 822 223 858 dendo,
246 827 275 851 ut
293 822 419 860 legatos,
443 830 500 860 quo
517 822 615 850 minus
631 821 823 855 violarentur,
846 821 911 858 suga
937 821 1118 859 explicuerit.
1153 820 1179 849 id

113 865 280 894 nuntiantes
303 864 438 893 infestum
463 865 517 892 iam
536 868 667 892 senatum
686 863 975 901 Carthaginiensibus
1000 863 1179 892 infestiorem

111 907 255 936 fecerunt.
291 906 327 935 M.
344 906 466 935 Porcius
482 906 550 935 Cato
568 906 657 935 funus
680 905 729 934 filii
747 906 775 934 in
795 910 929 944 practura
947 906 1053 935 mortui
1070 906 1182 935 tenuis-

111 949 195 985 simo,
212 955 242 978 ut
259 949 352 988 potuit
367 966 405 969 —
420 957 485 978 nam
504 957 616 987 pauper
632 953 691 977 erat
707 965 758 982 -,
775 952 893 987 sumptu
912 948 988 977 fecit.
1013 948 1182 983 Andriscus

111 992 160 1030 qui
177 1001 207 1020 se
224 991 320 1020 Persei
339 990 440 1025 filium,
458 991 535 1028 regis
552 990 698 1028 quondam
716 990 918 1025 Macedoniae,
936 991 1047 1027 ingenti
1065 990 1181 1020 adseve-

109 1035 222 1063 ratione
239 1033 427 1068 mentiretur,
444 1032 564 1061 Romam
582 1033 696 1061 missus.
736 1033 773 1061 M.
792 1032 932 1061 Aemilius
949 1033 1092 1071 Lepidus,
1110 1033 1181 1080 [qui]
1205 1040 1210 1045 ·

110 1077 249 1116 princeps
266 1081 383 1105 senatus
400 1075 487 1104 sextis
504 1076 558 1104 iam
577 1074 749 1104 censoribus
766 1074 871 1110 lectus,
894 1080 1049 1122 antequam
1068 1076 1182 1114 expira-

110 1124 171 1154 iet,
198 1118 344 1166 praecepit
363 1118 446 1153 filiis,
469 1117 544 1147 lecto
561 1127 591 1146 se
613 1122 703 1146 strato
722 1115 806 1158 [sine]
830 1117 942 1153 linteis,
965 1118 1028 1146 sine
1051 1127 1181 1157 purpura

111 1142 264 1195 “ffel-„rent
293 1161 321 1190 in
346 1160 464 1190 relicum
497 1160 586 1189 funus
610 1169 646 1189 ne
677 1160 743 1199 plus
772 1169 857 1198 quam
883 1160 958 1189 aeris
982 1160 1078 1189 decies
1111 1169 1181 1189 con-

111 1208 272 1233 sumerent:
291 1203 451 1241 imaginum
468 1203 575 1241 specie,
594 1212 652 1231 non
666 1202 833 1249 sumptibus
847 1202 993 1231 nobilitari
1008 1212 1180 1241 magnorum

111 1247 237 1276 virorum
256 1246 357 1275 funera
375 1245 478 1274 solere.
515 1245 550 1274 de
566 1245 714 1274 veneficiis
732 1245 904 1284 quaesitum.
940 1245 1067 1274 Publicia
1091 1250 1115 1275 et
1133 1245 1181 1274 Li-

111 1289 202 1323 cinia,
220 1288 333 1317 nobiles
350 1288 490 1323 feminae,
515 1297 588 1326 quae
605 1288 682 1316 viros
699 1297 767 1316 suos
784 1287 954 1316 consulares
974 1297 1093 1316 necasse
1110 1288 1181 1316 insi-

111 1331 308 1365 mulabantur,
326 1330 441 1368 cognita
460 1339 555 1365 causa,
573 1339 638 1359 cum
652 1330 778 1369 praetori
794 1330 914 1368 praedes
926 1330 1011 1359 vades
1024 1330 1181 1364 dedissent,

111 1378 302 1411 cognatorum
327 1373 443 1402 decreto
474 1377 591 1401 necatae
619 1377 697 1401 sunt.
736 1372 875 1406 Gulussa,
900 1372 1068 1401 Masinissae
1095 1372 1182 1407 filius,

112 1415 253 1445 nuntiavit
267 1415 440 1453 Cartbagine
457 1414 579 1444 dilectus
593 1415 647 1452 agi,
665 1414 784 1443 classem
799 1415 952 1453 conparari
967 1420 992 1444 et
1007 1415 1181 1444 hauddubie

111 1458 219 1487 bellum
244 1458 326 1487 strui.
368 1467 433 1486 cum
458 1457 527 1486 Cato
549 1458 681 1486 suaderet
693 1480 699 1492 ,
729 1462 758 1486 ut
790 1457 831 1486 eis
859 1457 966 1486 bellum
996 1458 1182 1492 indiceretur,

111 1500 142 1530 l‘.
153 1500 288 1529 Cornelio
303 1500 403 1529 Nasica
417 1500 532 1529 dicente
546 1499 618 1529 nihil
635 1504 743 1529 temere
760 1499 939 1535 faciundum,
957 1499 1065 1539 placuit
1081 1500 1179 1529 decem

111 1543 222 1580 legatos
249 1543 323 1572 mitti
347 1542 538 1582 exploratum.
582 1542 614 1570 L.
637 1542 768 1571 Licinius
790 1542 930 1571 Lucullus
959 1544 990 1571 Α.
1014 1542 1181 1571 Postumius

111 1585 234 1614 Albinus
254 1585 406 1620 consules,
431 1594 496 1613 cum
514 1585 650 1614 dilectum
675 1594 774 1614 severe
797 1590 914 1622 agerent
934 1594 988 1614 nec
1004 1594 1180 1623 quemquam

112 1628 201 1665 gratia
219 1628 414 1663 dimitterent,
439 1627 473 1656 ab
491 1627 617 1656 tribunis
632 1627 742 1666 plebis,
768 1627 817 1665 qui
835 1636 888 1665 pro
905 1627 1006 1656 amicis
1022 1627 1082 1656 suis
1100 1637 1180 1657 vaca-

111 1671 220 1699 tionem
239 1670 395 1709 impetrare
412 1679 470 1699 non
489 1674 634 1708 poterant,
652 1670 680 1699 in
699 1679 843 1698 carcerem
863 1670 986 1698 coniecti
1004 1674 1081 1699 suut.
1114 1679 1178 1699 cum

111 1712 307 1751 Hispaniense
324 1712 431 1742 bellum
450 1721 552 1750 parum
569 1722 710 1752 prospere
727 1712 903 1750 aliquotiens
919 1718 1031 1750 gestum
1056 1713 1092 1741 ita
1111 1721 1181 1742 con-

112 1755 233 1784 fudisset
249 1755 391 1784 civitatem
410 1755 585 1791 Romanam,
609 1760 641 1784 ut
658 1764 695 1783 ne
712 1754 736 1783 ei
754 1755 870 1793 quidem
890 1755 1107 1789 invenirentur,
1132 1755 1180 1793 qui

112 1802 161 1826 aut
183 1797 364 1827 tribunatum
388 1797 557 1836 exciperent
579 1802 626 1827 aut
652 1797 737 1835 legati
762 1797 803 1825 ire
827 1797 950 1833 vellent,
974 1797 1005 1828 P.
1028 1797 1181 1827 Cornelius

113 1839 293 1869 Aemilianus
310 1840 452 1879 processit
469 1844 496 1869 et
512 1845 700 1879 excepturum
719 1849 748 1868 se
765 1839 883 1868 militiae
899 1849 1002 1878 genus,
1019 1840 1181 1878 quodcum-

115 1891 170 1920 que
187 1882 359 1922 imperatum
378 1887 464 1917 esset,
482 1882 631 1921 professus
648 1887 706 1918 est;
725 1891 782 1921 quo
800 1882 933 1921 exemplo
951 1891 1052 1911 omnes
1069 1883 1101 1912 ad
1120 1888 1180 1912 stu-

114 1924 192 1953 dium
210 1924 351 1954 militandi
368 1925 533 1954 concitavit.
568 1924 709 1954 Lucullus
727 1924 846 1960 consul,
871 1934 935 1954 cum
955 1925 1091 1955 Claudius
1106 1925 1180 1954 Mar-

1205 613 1232 636 10

1205 825 1232 848 15

1205 1248 1233 1272 25

1206 1462 1234 1485 30

1203 1673 1233 1697 35

1204 1887 1233 1910 40
