1367 2143
518 109 572 134 ΗΒ.
592 108 691 134 CXVl-
703 108 775 133 CXX.
1122 105 1176 135 181

547 193 613 218 LIB.
633 192 746 217 (lxvltlt.

198 246 334 266 νιιιιοιῑιιΑ
351 246 406 266 nn.
423 246 526 266 cxvnn.
557 236 588 265 C.
605 236 771 265 Trebonius
795 235 822 264 in
843 235 906 264 Asia
931 235 1030 265 t'rautle
1047 234 1077 263 P.
1096 233 1180 263 Dola-

113 280 204 309 bellae
221 281 336 309 occisus
353 284 404 308 est.
436 279 472 308 ob
491 279 516 308 id
534 278 647 308 facinus
661 277 807 307 Dolabella
821 278 912 306 bostis
927 288 941 307 a
955 281 1057 307 senatu
1070 276 1181 306 iudica-

113 328 158 351 tus
175 328 226 352 est.
258 331 322 351 cum
340 322 433 351 Pansa
454 321 556 350 consul
581 321 654 350 male
678 321 814 349 adversus
831 320 989 349 Antonium
1013 324 1181 358 pugnasset,

113 367 144 394 A.
164 364 274 394 llirtius
291 364 392 393 consul
411 373 476 393 cum
494 364 620 393 exercitu
637 363 847 402 superveniens
865 362 935 391 l'usis
953 362 988 391 M.
1007 362 1114 391 Antoni
1132 371 1180 391 eo-

113 407 168 446 piis
186 408 331 436 soi-tunam
351 406 504 445 utriusque
522 406 612 445 partis
628 405 770 444 aequavit.
802 405 894 434 victus
910 405 1015 434 deinde
1034 404 1068 433 ab
1086 404 1181 433 Hirtio

113 455 138 478 et
157 450 278 479 Caesare
296 449 441 478 Antonius
458 449 485 477 in
504 447 623 477 Galliam
641 448 773 485 confugit
789 452 816 476 et
832 447 868 476 M.
890 447 1032 486 Lepidum
1057 455 1123 475 cum
1141 446 1180 475 le-

113 492 266 530 gionibus,
297 501 370 530 quae
392 491 445 520 sub
470 500 504 519 eo
534 495 630 525 erant,
661 490 714 519 sibi
743 490 836 519 iunxit
868 489 1018 528 hostisque
1042 499 1056 517 a
1079 494 1180 518 senatu

113 544 179 563 cum
208 534 361 568 omnibus,
389 534 437 572 qui
466 533 542 562 intra
569 532 710 571 praesidia
735 533 797 562 eius
821 537 932 566 essent,
961 531 1104 561 iudicatus
1128 536 1182 560 est.

114 579 145 606 A.
164 576 291 611 Hirtius,
315 576 363 614 qui
382 580 446 614 post
464 575 612 604 victoriam
630 575 658 603 in
677 574 747 613 ipsis
765 575 890 604 hostium
908 574 1009 603 castris
1028 573 1182 607 ceciderat,

113 625 139 648 et
156 619 187 648 C.
204 619 296 648 Pansa
320 627 354 647 ex
370 618 502 652 vnlnere,
520 617 597 656 quod
615 617 643 646 iu
665 617 784 646 adverso
807 616 919 655 proelio
942 621 1112 655 exceperat,
1133 615 1183 644 dc-

114 662 231 691 t'unctus
254 662 285 690 in
309 669 411 698 campo
436 660 538 689 Martio
562 659 668 698 sepulti
691 665 768 688 sunt.
805 659 942 689 adversus
965 659 995 688 C.
1021 659 1182 688 Caesarem.

112 704 162 742 qui
186 703 265 733 solus
293 702 441 732 extribus
464 702 587 731 ducibus
615 707 782 740 supererat,
810 711 911 740 parum
940 706 1037 739 gratus
1065 705 1184 729 senatus

112 746 178 780 fuit,
194 745 243 784 qni
261 745 294 774 D.
307 745 408 779 Bruto,
425 744 577 773 obsidione
595 744 751 773 Mutinensi
768 753 782 773 a
797 744 918 773 Caesare
931 744 1064 778 liberato,
1081 743 1183 772 trium-

113 789 163 827 phi
180 788 293 817 honore
309 788 426 816 decreto
444 787 574 816 Caesaris
590 786 773 825 militumque
786 787 848 815 eins
865 787 1044 815 mentionem
1062 795 1121 814 non
1138 795 1182 815 sa-

114 831 149 859 tis
166 836 276 867 gratam
299 830 408 859 babuit.
439 829 476 858 ob
499 838 573 867 quae
590 828 620 858 C.
638 829 742 858 Caesar
764 829 951 858 reconciliata
975 838 1026 867 per
1043 828 1079 857 M.
1097 828 1184 867 Lepi-

113 874 181 902 ‹lum
199 881 265 902 cum
284 872 319 901 M.
337 872 464 901 Antonio
489 872 579 909 gratia
596 870 718 900 Romam
741 880 807 900 cum
829 871 956 900 exercitu
981 871 1057 900 venit
1074 876 1101 899 et
1118 880 1185 909 per·

113 915 202 944 culsis
223 916 347 944 adventu
371 915 433 943 eius
457 915 513 949 eis,
541 913 590 952 qui
615 914 643 942 in
666 923 732 943 eum
756 914 848 952 iniqui
873 919 970 948 erant,
997 923 1063 942 cum
1091 922 1185 942 annos

113 957 295 995 undeviginti
312 957 447 991 haberet,
471 955 574 986 consul
591 960 704 985 creatus
721 962 772 985 est.

573 1030 637 1055 LlB.
658 1030 730 1054 CXX.

198 1083 334 1103 Pnntocna
359 1083 413 1103 Lin.
431 1083 493 1103 cxx.
532 1074 562 1103 C.
580 1075 683 1103 Caesar
707 1074 811 1103 consul
835 1074 927 1112 legem
952 1074 1018 1103 tulit
1039 1075 1073 1103 (le
1097 1083 1184 1113 quae-

113 1117 207 1146 stione
225 1117 355 1146 habenda
374 1117 403 1145 in
421 1126 480 1151 eos,
498 1126 622 1155 quorum
637 1126 724 1156 opera
741 1116 846 1146 Caesar
862 1122 943 1155 pater
960 1117 1074 1146 occisus
1091 1122 1183 1151 esset;

114 1158 310 1198 postulatique
334 1168 366 1188 ea
388 1159 452 1197 lege
469 1159 506 1187 M.
524 1159 646 1194 Brutus,
672 1160 703 1188 C.
721 1159 853 1194 Cassius,
870 1158 903 1187 D.
921 1159 1027 1188 Brutus
1050 1159 1186 1188 absentes

114 1201 241 1231 damnati
264 1206 340 1230 sunt.
379 1210 444 1230 cum
467 1201 505 1230 M.
530 1201 637 1230 Antoni
661 1202 735 1230 vires
759 1201 877 1230 Asinius
901 1211 1018 1240 quoque
1043 1201 1133 1230 Pollio
1158 1206 1185 1229 et

114 1244 263 1273 Munatius
291 1243 415 1273 Plancus
443 1252 509 1273 cum
537 1243 712 1273 exercitibus
739 1244 798 1273 suis
829 1243 957 1273 adiuncti
989 1243 1186 1282 ampliassent,

114 1286 146 1315 D.
166 1286 281 1320 Brutus,
297 1287 344 1315 cui
360 1291 488 1321 senatus,
506 1292 535 1315 ut
555 1292 781 1325 persequeretur
798 1286 974 1320 Antonium,
993 1286 1186 1322 mandaverat,

114 1329 234 1358 relictus
249 1338 264 1358 a
282 1329 448 1367 legionibus
464 1329 524 1358 suis
541 1329 680 1368 profugit,
698 1333 726 1358 et
742 1329 821 1358 iussu
839 1329 964 1363 Antoni,
984 1329 1013 1357 in
1031 1329 1115 1357 cuius
1133 1338 1185 1367 po-

115 1376 246 1400 testatem
272 1376 386 1400 venerat
399 1394 405 1405 ,
433 1372 555 1408 [caesus]
583 1381 597 1400 a
622 1371 740 1410 Capeno
769 1371 905 1410 Sequano
934 1371 1105 1400 interfectus
1132 1377 1185 1400 est.

114 1413 145 1442 C.
162 1412 266 1442 Caesar
284 1423 383 1452 pacem
401 1422 467 1442 cum
485 1413 614 1442 Antonio
634 1419 661 1443 et
678 1413 788 1452 Lepido
806 1414 888 1448 lecit,
907 1414 943 1443 ita
968 1419 997 1442 ut
1016 1414 1126 1442 tresviri
1144 1414 1186 1442 rei

116 1455 251 1495 publicae
267 1456 488 1485 constituendae
506 1466 558 1495 per
575 1455 811 1494 quinquennium
829 1461 925 1485 essent
942 1456 1003 1495 ipse
1017 1460 1045 1485 et
1059 1456 1187 1495 Lepidus

115 1503 140 1526 et
159 1498 305 1527 Antonius
327 1503 356 1527 et
378 1503 407 1527 ut
431 1508 501 1527 suos
517 1499 641 1537 quisque
658 1498 794 1527 inimicos
818 1498 1051 1537 proscriberent;
1076 1499 1106 1527 in
1130 1507 1186 1537 qua

115 1541 331 1579 proscriptione
355 1541 473 1580 plurimi
497 1541 611 1579 equites
628 1540 767 1575 Romani,
791 1546 909 1570 centum
936 1541 1052 1578 triginta
1070 1546 1186 1570 senato-

115 1592 178 1612 rum
198 1583 314 1612 nomina
331 1583 466 1619 suerunt,
484 1589 511 1612 et
527 1584 603 1612 inter
619 1593 669 1612 eos
686 1583 717 1612 L.
736 1583 832 1619 Pauli,
855 1583 950 1613 fratris
966 1583 1003 1611 M.
1023 1583 1141 1622 Lepidi,
1159 1589 1186 1612 et

115 1625 146 1654 L.
164 1624 304 1660 Caesaris,
322 1626 430 1654 Antoni
447 1625 593 1660 avunculi,
610 1630 638 1655 et
653 1625 690 1654 M.
705 1625 864 1655 Ciceronis.
896 1625 983 1655 huius
999 1625 1088 1655 occisi
1101 1635 1116 1655 a
1130 1625 1185 1654 Po-

114 1667 207 1706 pillio,
225 1668 385 1706 legionario
403 1668 503 1703 milite,
520 1677 586 1697 cum
604 1667 723 1698 haberet
739 1677 834 1697 annos
844 1668 994 1705 sexaginta
1013 1672 1081 1703 tres,
1099 1672 1185 1707 caput

115 1719 232 1748 quoque
249 1719 314 1739 cum
332 1711 429 1739 dextra
446 1719 535 1740 manu
552 1711 580 1740 in
598 1711 701 1740 rostris
717 1710 843 1749 positum
861 1715 913 1739 est.
944 1715 1092 1749 praeterea
1109 1720 1155 1740 res
1171 1720 1185 1740 a

114 1752 151 1780 M.
169 1752 258 1782 Bruto
275 1753 303 1782 in
322 1752 442 1782 Graecia
458 1758 554 1791 gestas
570 1753 710 1782 continet.

182 1804 205 1826 2¹.
225 1803 334 1832 Auitum]
355 1802 418 1826 nach
437 1802 523 1831 Halm;
542 1802 659 1827 Hdschr.:
679 1803 814 1826 (latonius.
828 1816 859 1819 —-
875 1804 896 1826 ἵ.
913 1802 1041 1833 profugit
1058 1804 1083 1826 et
1102 1803 1184 1833 iussu]

115 1835 178 1860 nach
197 1835 280 1863 Halm:
301 1836 340 1860 [tir
356 1836 483 1868 profugit
501 1839 526 1860 et
544 1837 587 1861 hat
607 1837 668 1861 Naz.
688 1836 751 1861 nach
770 1836 842 1861 Mins.
858 1836 1026 1867 profugisset
1045 1836 1126 1860 liinter
1146 1845 1187 1859 ve-

115 1871 202 1898 πει-αῖς
227 1870 266 1894 die
282 1871 407 1901 jtingeien
428 1870 531 1895 Hdschr.
552 1870 608 1895 teils
628 1871 738 1896 ebenso.
763 1870 820 1894 teils
844 1878 901 1894 oum
920 1869 1085 1902 profhge'sset
1105 1870 1187 1894 hintes

114 1905 218 1926 sm's.—
231 1905 252 1929 S.
273 1906 381 1933 [caesus]
401 1904 492 1935 getilgt
512 1905 575 1929 nach
588 1904 667 1931 Jahm
687 1903 748 1928 Naz-
769 1904 811 1928 bat
830 1904 900 1928 hier
917 1904 979 1928 nach
991 1904 1062 1929 Mms.
1082 1912 1186 1931 anesus:

115 1936 154 1961 die
170 1938 242 1969 jiiug.
263 1937 365 1962 Hdsclir.
386 1938 494 1967 ebenso3
517 1938 596 1963 Wssl».
616 1941 754 1963 vermutet:
773 1938 883 1971 evit-gis>
901 1946 998 1962 caesus.

1208 621 1234 644 to

1211 832 1236 855 15

1210 1459 1239 1483 to

1210 1669 1237 1693 15
