1367 2143
150 555 178 579 19
199 550 314 588 dignam
339 550 481 579 iudicavit.

201 83 241 114 58
504 85 596 110 LIBER
615 84 737 111 XXXXV.
773 85 842 111 CAP.
861 87 901 112 23.
920 87 960 112 24.

1120 101 1140 115 a.
1154 101 1174 114 u.
1190 101 1207 115 c.
1218 94 1262 115 587.

201 177 328 201 strorum
345 170 530 200 tumidiorem
547 179 711 200 sermonem
729 180 808 207 esse,
831 170 908 209 quod
925 171 1066 201 excellere
1082 171 1158 201 inter
1175 172 1263 201 finiti-

200 223 262 242 mas
295 212 421 242 civitates
448 213 610 249 videamur,
638 217 666 242 et
688 212 716 241 id
738 213 834 252 ipsum
862 222 922 242 non
945 217 1001 242 tam
1023 214 1132 243 viribus
1156 214 1263 243 nostris

151 260 179 285 17
201 264 286 294 quam
299 255 401 284 vestris
412 254 575 284 honoribus
587 264 620 284 ac
633 254 756 284 iudiciis.
787 255 854 284 satis
867 255 982 293 quidem
1000 259 1028 284 et
1048 260 1119 285 tunc
1132 256 1160 285 in
1178 264 1263 294 prae-

201 298 293 327 sentia
313 297 448 334 castigata
465 297 512 326 illa
535 297 639 334 legatio
662 301 738 333 erat,
763 306 828 326 cum
845 301 901 326 tam
918 297 992 326 tristi
1008 306 1150 336 responso
1167 302 1262 327 vestro

201 340 327 369 dimissa.

372 340 396 368 si
415 345 475 369 tum
492 348 594 378 parum
611 339 788 377 ignominiae
809 348 934 378 pensum
951 344 1008 375 est,
1026 340 1097 368 haec
1113 345 1190 370 certe
1205 344 1263 369 tam

202 381 374 411 miserabilis
393 391 425 411 ac
441 381 565 420 supplex
577 381 681 419 legatio
698 381 783 410 etiam
801 381 1017 417 insolentioris,
1035 391 1120 420 quam
1136 381 1182 411 illa
1199 382 1261 418 fuit,

151 428 178 452 18
200 424 354 462 legationis
375 424 443 453 satis
459 432 596 461 magnum
614 423 759 462 piaculum
778 428 864 453 esset.
902 423 1085 462 superbiam,
1108 423 1262 453 verborum

201 466 381 505 praesertim,
397 466 529 495 iracundi
547 465 681 501 oderunt,
698 466 858 504 prudentes
875 465 1011 500 inrident,
1031 466 1133 504 utique
1148 466 1171 495 si
1188 466 1263 495 infe-

202 509 287 537 rioris
309 508 447 537 adversus
467 508 649 546 superiorem
673 512 731 543 est3
759 508 871 546 capitali
901 517 994 546 poena
1017 517 1102 537 nemo
1126 517 1263 546 umquam

527 550 555 579 id
579 550 656 579 enim
679 559 746 579 vero
773 550 938 588 periculum
962 554 1038 586 erat,
1063 559 1100 578 ne
1116 550 1263 578 Romanos

202 592 306 622 Rhodii
323 598 552 621 contemnerent.
585 592 669 621 etiam
692 592 761 621 deos
781 592 871 630 aliqui
893 592 987 621 verbis
1010 592 1202 621 ferocioribus
1217 592 1263 620 in-

150 636 338 673 fflcrepant,
362 643 416 663 nec
438 634 474 663 ol)
498 634 524 663 id
549 643 724 672 quemquam
748 634 868 663 fulmine
891 634 980 663 ictum
1003 634 1146 663 audimus.

1193 633 1263 672 quid

198 677 288 715 igitur
303 681 429 714 superat,
446 676 524 714 quod
541 685 716 714 purgemus,
740 676 764 704 si
781 685 835 705 nec
850 676 957 704 sactum
981 676 1085 705 hostile
1101 676 1193 705 ullum
1209 685 1262 705 no-

200 723 291 748 strum
306 723 357 752 est,
374 723 397 746 ec
411 719 494 747 verba
505 718 660 747 tumidiora
672 718 757 756 legati
773 718 964 747 offensionem
981 718 1105 753 aurium,
1122 727 1181 747 non
1195 726 1262 756 per-

201 794 275 824 zeigl.
294 792 348 816 dats
362 792 386 816 L.
406 791 543 816 besonders
562 799 592 815 an
606 791 645 816 die
661 792 703 816 Art

200 827 244 851 der
262 826 330 850 Rede
349 826 398 853 (die
418 825 462 850 der
479 825 576 853 Asiani)
598 825 706 856 gedacht

202 861 254 887 hat:
274 860 325 891 vgl.
345 860 428 888 Quint.
451 860 541 886 12,10‚
558 861 598 883 16;
618 860 707 889 inflati

201 895 241 918 illi
266 898 270 920 1
290 894 381 923 lsiani)
404 895 428 916 el
451 894 543 916 inanes
567 893 706 918 hahentur.

200 942 231 945 —-
251 928 429 955 tumidior-mn]
448 926 538 951 auders
558 927 643 951 urteilt
655 926 705 952 Cic.

202 961 269 985 Brut.
289 963 334 986 25:
355 961 435 985 Caria
448 978 453 984 .
468 979 473 984 .
491 961 645 984 asciverunt
662 968 707 992 ap-

202 998 257 1019 tum
279 996 334 1018 suis
359 995 470 1018 auribus
491 995 607 1025 opimum
626 994 707 1025 quod-

201 1029 261 1052 dam
279 1031 306 1052 et
323 1030 458 1059 tamquam
476 1028 600 1058 adipatae
612 1028 706 1051 dictio-

200 1064 242 1086 nis
249 1070 343 1093 genus,
351 1062 422 1092 quod
430 1081 433 1084 .
441 1080 447 1085 .
456 1061 552 1085 Rhodii
562 1069 706 1092 numquam

198 1097 387 1127 probaverant,-
404 1095 499 1119 ehenso
512 1094 597 1123 Quint.
614 1096 651 1124 12,
666 1097 705 1125 10,
722 1108 725 1110 -

204 1131 243 1156 18;
271 1129 321 1160 vgl.
348 1128 419 1153 Mms.
443 1128 493 1152 Ro.
520 1129 565 1158 3⁵,
590 1130 647 1153 552.
672 1143 704 1146 —

200 1164 282 1195 quod.
291 1183 295 1187 .
303 1163 450 1191 videamur]
459 1159 464 1166 ‘
471 1162 529 1185 weil
541 1162 587 1186 wir
596 1170 643 1186 uns
653 1162 705 1186 ein-

199 1197 283 1221 bilden
303 1192 414 1227 mogen’3
440 1203 459 1219 s.
479 1203 509 1219 zu
529 1197 551 1224 2,
571 1196 611 1225 27,
631 1198 653 1220 6.
672 1209 700 1213 -—

199 1231 228 1254 id
246 1231 339 1262 ipsum]
359 1229 435 1254 naml.
454 1229 498 1253 [las
518 1229 653 1253 cancellat-e.
672 1243 704 1247 -—

199 1272 251 1288 non
271 1267 339 1288 tam.
352 1264 372 1293 .]
387 1262 444 1286 lasst
463 1262 543 1287 selbst
562 1262 606 1286 das
619 1263 706 1287 videri

198 1298 236 1322 als
256 1297 325 1321 nicht
344 1296 484 1328 begriindet
502 1296 658 1321 ersclieineu.
672 1310 704 1314 —

200 1332 351 1359 honoribus]
371 1338 389 1354 s.
410 1331 450 1356 22.
464 1331 486 1354 2.

235 1367 271 1389 17.
291 1365 355 1388 satis
374 1364 477 1395 quidem
492 1382 497 1387 .
512 1364 532 1391 ‚l
550 1360 649 1393 ‘gewiss
671 1363 704 1387 ist

197 1398 278 1422 doch.
290 1395 312 1423 .’·,
332 1397 376 1421 der
388 1396 448 1421 Satz
467 1397 499 1420 ist
513 1396 561 1420 wie
579 1398 594 1426 ,ξ
611 1398 639 1420 14
654 1396 703 1420 und

202 1435 229 1457 18
249 1432 314 1456 ohne
333 1430 486 1461 Andeutung
508 1430 553 1453 des
572 1429 702 1461 logischen

198 1464 429 1495 Zusammeuliangs
447 1463 586 1494 augei-eim.
597 1477 629 1481 -—
640 1466 703 1487 tunc

197 1499 396 1530 inpraesentia]
409 1497 504 1521 damals
518 1497 555 1521 als
568 1496 608 1521 die
622 1496 702 1521 Sache

199 1533 317 1564 geschah,
333 1528 460 1555 =‘unter
478 1530 525 1554 den
545 1530 641 1554 damals
660 1538 702 1561 ge-

198 1566 371 1598 genwartigen
408 1564 608 1595 (vorliegenden)
643 1563 702 1588 Ver-

197 1596 354 1627 hiiltnissen’,
368 1598 398 1622 da
412 1599 543 1629 castigata
555 1600 613 1621 erat
626 1597 703 1629 folgt;

199 1633 298 1659 'ahnlich
318 1634 341 1657 2.
355 1634 395 1659 44,
409 1634 436 1656 2:
462 1633 555 1663 priore
573 1639 656 1662 anno,
674 1632 703 1655 in

194 1668 356 1699 praesentia.
370 1679 398 1683 ——
413 1667 450 1689 sl.
460 1683 464 1689 .
475 1668 513 1689 est
522 1684 528 1689 .
540 1683 545 1689 .
555 1666 628 1695 esset]
639 1667 704 1689 setzt

198 1701 242 1726 das
253 1701 290 1725 als
298 1699 414 1724 wirklich
422 1699 628 1730 Angenommene
638 1698 702 1725 dem,

199 1742 253 1759 was
277 1736 351 1758 uuter
378 1733 487 1757 anderen
513 1732 702 1757 Verlialtnissen

198 1769 251 1793 sein
271 1767 366 1791 konnte
380 1766 440 1791 oder
454 1766 548 1794 wiirde.
568 1769 700 1798 entgegen,

197 1802 281 1826 indem
300 1801 343 1825 der
359 1800 478 1831 bedingte
492 1799 551 1824 Satz
566 1799 701 1831 eigentlich

197 1843 247 1859 von
257 1835 326 1859 einer
336 1834 445 1858 anderen
457 1833 701 1865 Bedingung(etwa:

197 1871 222 1893 si
238 1870 317 1899 aequi
335 1869 434 1899 essetis)
448 1867 575 1899 abhangig
593 1875 624 1891 zu
643 1867 703 1891 den-

198 1902 246 1927 ken
266 1902 310 1928 ist:
338 1909 356 1926 s.
377 1901 427 1927 Cic.
446 1901 477 1925 de
496 1900 538 1925 fin.
556 1903 580 1931 4,
600 1902 642 1925 22:
668 1908 700 1925 au

755 795 861 816 senatus
874 810 880 816 .
894 810 899 816 .
911 794 998 823 posset
1016 792 1103 816 dicere
1116 811 1122 817 .
1136 809 1150 821 .,
1168 793 1191 815 si.
1210 792 1264 816 diei

754 828 853 857 potes&
873 825 903 850 ad
918 826 969 850 Att.
983 828 1006 853 5,
1022 826 1059 855 18,
1077 827 1085 850 1
1098 835 1103 854 ;
1118 824 1207 850 Senec.
1217 825 1262 857 Ep.

759 861 781 888 1,
795 860 818 888 3,
831 861 859 887 4;
878 859 929 890 vgl.
944 860 983 889 37,
1000 862 1020 883 1.
1033 873 1065 876 —
1077 867 1174 890 parum
1187 860 1263 890 igno-

756 894 855 917 miniae
872 900 982 924 pensum
1005 894 1050 923 est]
1068 893 1119 924 vgl.
1137 894 1178 923 23,
1196 894 1218 923 3,
1235 895 1261 917 3:

753 934 854 958 poenas
868 927 984 958 pendere
1001 934 1025 951 u.
1039 933 1061 951 a.
1074 940 1106 944 —
1115 927 1262 958 piaculum]

758 961 808 984 wie
827 960 866 984 bei
886 960 999 984 Gottern.

794 995 831 1018 18.
841 995 1000 1025 superbiam]
1011 994 1062 1025 vgl.
1074 994 1135 1018 Cato
1147 993 1187 1018 bei
1197 993 1262 1018 Gell.

758 1029 773 1052 6
792 1029 835 1058 (7),
856 1029 878 1057 3,
898 1029 942 1052 5οε
965 1027 1121 1051 lfhodiensis
1137 1029 1263 1058 superbos

758 1069 810 1085 esse
835 1062 913 1084 aiunt
939 1061 968 1085 id
989 1062 1161 1090 obiectantes,
1193 1062 1264 1092 quod

756 1096 824 1118 mihi
846 1097 873 1117 et
890 1095 981 1119 liberis
1003 1096 1068 1118 meis
1085 1096 1192 1118 minime
1210 1095 1264 1119 dici

756 1129 842 1153 vellm.
860 1130 915 1152 sint
931 1136 995 1152 sane
1012 1129 1126 1159 superbi.
1152 1129 1217 1159 quid
1234 1129 1263 1152 id

757 1162 793 1185 ad
815 1170 860 1185 vos
884 1163 995 1185 attinet?
1020 1162 1082 1185 idne
1105 1163 1262 1191 irascimini,

755 1197 779 1219 si
801 1197 860 1226 quis
883 1196 1022 1227 superbior
1044 1197 1081 1219 est
1103 1203 1181 1227 quam
1199 1198 1263 1220 vos?

756 1243 788 1247 —
805 1230 971 1260 praesertim]
997 1228 1055 1253 weil
1081 1228 1124 1253 der
1143 1229 1261 1254 Gedanke
1289 1246 1294 1250 -

756 1270 786 1286 zu
806 1262 905 1286 Gruude
924 1262 999 1294 liegt:
1024 1260 1115 1286 ‘zumal
1135 1270 1209 1287 wenn
1235 1270 1262 1287 es

756 1304 802 1320 nur
814 1314 820 1321 .
835 1315 841 1321 .
854 1293 926 1324 sind';
946 1304 965 1320 s.
986 1297 1025 1325 39,
1045 1297 1084 1325 26,
1103 1297 1138 1321 13.
1157 1310 1190 1314 —
1207 1298 1261 1321 ira-

756 1330 844 1359 cundi]
863 1327 920 1353 ‘nur
942 1327 1192 1357 leidenscliat'tliche‘,
1212 1331 1260 1355 wie

751 1364 905 1395 prudentes,
922 1363 1061 1392 infamaris
1079 1363 1130 1387 und
1143 1365 1262 1395 superio-

754 1405 809 1421 rem
829 1397 1040 1425 substantivisch;
1060 1404 1079 1421 s,
1099 1398 1121 1425 2,
1136 1399 1159 1428 3,
1172 1399 1198 1426 4;
1221 1399 1259 1425 22,

791 1465 828 1488 19.
860 1463 888 1487 id
906 1465 975 1487 enim
997 1465 1069 1492 vero]
1094 1463 1258 1488 sarkastisch:

753 1495 861 1521 ‘sreilich
875 1497 919 1521 das
932 1498 1000 1521 ware
1011 1515 1017 1521 .
1028 1494 1041 1521 .’
1057 1511 1087 1514 —
1102 1499 1180 1521 etiam
1199 1498 1260 1522 deas

755 1549 761 1555 .
773 1531 920 1560 stammas]
938 1530 990 1561 vgl.
1009 1530 1068 1555 Tae.
1086 1530 1149 1555 Aun.
1172 1534 1193 1562 1,
1213 1533 1258 1555 73:

755 1565 863 1588 deor-mn
882 1565 999 1588 inim-ias
1016 1564 1056 1588 dis
1079 1571 1158 1588 curae
1177 1566 1260 1594 (esse).

788 1597 834 1623 24.
862 1600 879 1622 l.
904 1599 1022 1629 superat]
1041 1610 1074 1619 =
1091 1600 1220 1629 superest:
1239 1606 1259 1623 S.

756 1633 795 1660 22,
809 1633 849 1660 49,
863 1634 890 1659 5:
911 1633 950 1660 29,
971 1632 1011 1661 24,
1031 1633 1059 1656 11
1080 1639 1103 1655 u.
1121 1639 1144 1655 a.
1178 1631 1259 1656 Nach-

755 1665 810 1689 dem
829 1665 873 1689 der
892 1664 990 1689 Redner
1008 1665 1053 1689 das
1071 1665 1104 1689 im
1123 1665 1259 1697 folgenden

754 1699 931 1730 Angedeutete
950 1699 999 1729 (si.
1010 1717 1016 1723 .
1032 1701 1152 1722 nostrum
1170 1701 1219 1724 est:
1239 1708 1258 1725 s.

755 1734 794 1760 23,
811 1734 904 1760 1-1ος
923 1733 1004 1756 verba
1017 1732 1162 1756 tumidiora
1173 1750 1179 1757 .
1192 1752 1198 1757 .
1208 1741 1258 1757 me-

753 1766 1258 1797 rammt:s.23,11—19)nachgewiesen

754 1800 805 1830 hat,
824 1800 891 1830 zeigt
905 1808 938 1830 er,
952 1799 1000 1824 wie
1013 1800 1152 1830 ungerecht
1164 1807 1191 1824 es
1204 1801 1258 1825 sein

754 1833 850 1861 wiirde,
868 1841 942 1858 wenn
962 1841 993 1857 an
1012 1833 1059 1857 den
1073 1832 1199 1858 Rhodiern
1215 1833 1259 1858 der

754 1867 835 1891 hlosse
849 1866 925 1891 Wille
938 1866 1045 1891 bestraft
1058 1867 1161 1891 werden
1174 1867 1257 1892 sollte.

753 1914 786 1917 ——
813 1901 967 1930 tumIdiara]
995 1908 1015 1924 s.
1042 1908 1072 1924 zu
1100 1902 1139 1927 23.
1162 1902 1197 1925 16.
1225 1915 1257 1919 —
