1367 2143
198 67 257 96 154
435 68 464 94 Τ.
483 68 545 93 LIVI
563 68 741 94 PERIOCHAE
760 69 801 94 ET
820 69 1027 96 FRAGMENTA.

197 153 295 189 Rutili,
313 162 379 183 cum
395 153 531 183 obsessus
547 163 686 193 prospere
702 154 731 183 in
748 155 845 184 hostes
862 155 1003 194 erupisset
1019 160 1047 185 et
1060 155 1096 185 ob
1110 164 1176 185 eum
1189 164 1255 185 suc-

196 204 309 225 cessum
330 200 485 234 aequatum
509 196 534 225 ei
551 204 618 225 cum
635 196 664 225 C.
681 195 771 225 Mario
796 201 870 226 esset
892 197 1062 236 imperium,
1087 197 1256 227 temerarius

145 243 173 267 10
195 238 288 267 lactus
312 241 338 267 et
360 237 574 267 circumventus
596 238 708 267 insidiis
732 238 797 267 suso
820 239 946 268 exercitu
969 240 1081 269 cecidit.
1116 239 1148 268 L.
1165 239 1256 269 lulius

196 280 298 309 Caesar
313 279 415 309 consul
428 280 549 310 feliciter
563 280 699 310 adversus
711 280 856 310 Samnites
869 281 1016 320 pugnavit.
1043 281 1079 310 ob
1093 290 1155 311 eam
1167 281 1256 311 victo-

194 322 265 351 riam
288 321 396 351 Romae
419 331 485 361 saga
510 322 602 361 posita
626 326 702 351 sunt.
741 327 768 352 et
791 327 822 352 ut
845 323 919 352 varia
943 323 1011 352 belli
1033 324 1149 353 fortuna
1171 328 1255 358 esset,

195 364 334 393 Aesernia
346 364 459 394 colonia
473 373 538 394 cum
552 364 588 393 M.
601 364 737 393 Marcello
749 365 779 394 in
793 369 965 404 potestatem
978 365 1150 395 Samnitium
1162 365 1254 402 venit;

194 406 243 435 sed
260 410 289 435 et
302 405 332 435 C.
345 406 452 436 Marius
468 406 579 445 proelio
592 406 702 435 Marsos
719 407 793 436 fudit
809 407 897 437 Herio
910 407 1019 444 Asinio,
1036 412 1169 446 praetore
1181 407 1256 437 Mar-

145 452 171 476 15
195 449 380 484 rucinorum,
404 449 509 478 occiso.
545 448 574 477 C.
593 448 733 478 Caecilius
754 449 784 478 in
803 448 892 478 Gallia
909 449 1099 488 Transalpina
1116 449 1257 479 Salluvios

193 490 366 520 rebellantes
382 490 456 519 vicit.

261 541 283 565 3.
299 542 365 570 cum]
383 540 513 571 eingefiigt
530 539 593 564 nach
605 539 642 564 ed.
654 547 689 571 pr.
704 554 728 556 —
743 541 765 564 8.
777 541 913 571 erupisset]
926 540 989 565 nach
1000 540 1037 565 Fr.
1052 542 1076 570 13
1088 540 1161 565 Naz.:
1181 542 1255 565 [nr-11-

189 575 278 605 pissel.

628 614 692 639 LIB.
712 614 824 640 LXXllll.

277 667 414 687 1111100111
437 667 615 687 L113.Lxxni1.
650 658 701 687 Cn.
720 658 876 697 Pompeius
892 658 1026 688 Picentes
1048 658 1160 697 proelio
1183 659 1257 689 fudit

197 711 212 728 ηε
229 711 244 728 ss
261 711 276 728 ,κ
295 699 415 729 obsedit.
450 706 570 739 propter
587 709 673 738 quam
689 700 838 730 victoriam
855 699 963 729 Romae
979 705 1144 739 praetextae
1160 705 1187 730 et
1203 701 1257 730 alia

194 742 414 780 magistratuum
430 742 557 780 insignia
573 746 687 780 sumpta
703 746 780 771 sunt.
809 742 839 771 C.
853 742 961 771 Marius
976 751 1043 771 011111
1056 742 1156 772 Marsis
1168 742 1256 772 dubio

194 788 297 813 eventu
326 784 473 822 pugnavit.
522 783 649 813 libertini
682 788 753 813 tunc
785 784 911 822 primum
937 784 1061 813 militare
1088 790 1257 823 coeperunt.

156 831 170 854 5
194 827 225 855 A.
242 826 353 855 Plotius
374 825 487 863 legatus
510 825 650 861 Umbros,
674 826 706 854 L.
729 826 850 855 Porcius
873 830 990 865 praetor
1013 826 1167 862 Etruscos,
1192 836 1258 856 cum

194 872 316 906 uterque
329 867 456 907 populus
468 867 631 903 deiecisset,
645 867 756 907 proelio
769 868 910 903 vicerunt.
934 868 1107 898 Nicomedes
1119 868 1149 898 in
1159 869 1257 907 Bithy-

194 911 267 945 niae,
281 910 490 939 Ariobarzanes
503 910 531 939 in
541 910 738 949 Cappadociae
750 919 874 948 regnum
887 910 998 939 reducti
1010 915 1086 940 sunt.
1110 910 1161 940 Cn.
1171 910 1257 940 Pom-

194 952 277 991 peius
293 951 395 981 consul
412 952 521 981 Marsos
544 953 605 981 acie
627 952 702 981 vicit.
737 961 803 981 cum
825 962 891 982 aere
916 952 1010 981 alieno
1028 962 1167 991 oppressa
1184 958 1258 982 esset

196 994 303 1030 civitas,
321 995 353 1023 A.
371 994 562 1033 Sempronius
578 994 685 1023 Asellio
702 1000 827 1033 praetor,
845 995 984 1033 quoniam
1000 995 1160 1024 secundum
1178 994 1257 1024 debi-

146 1040 173 1064 10
197 1041 274 1066 tores
291 1037 335 1066 ius
351 1036 478 1072 dicebat,
502 1036 536 1066 ab
554 1037 609 1071 eis,
632 1037 681 1075 qui
706 1036 906 1072 saenerabant,
929 1037 959 1065 in
980 1038 1043 1066 foro
1068 1037 1182 1066 occisus
1205 1042 1256 1066 est.

196 1083 345 1117 praeterea
362 1078 546 1108 incursiones
561 1078 705 1108 Thracum
729 1079 757 1107 in
775 1079 972 1108 Macedoniam
994 1078 1257 1118 populationesque

193 1121 333 1150 continet.

636 1161 702 1186 LIB.
722 1161 818 1185 LXXV.

278 1213 414 1233 enniocffl
430 1213 573 1233 Lintxxv.
598 1205 629 1232 A.
643 1204 810 1233 Postumius
823 1203 946 1233 Albinus
957 1204 1077 1242 legatus,
1091 1213 1157 1234 cum
1173 1204 1257 1234 classi

195 1251 350 1285 praeesset,
367 1246 481 1275 infamis
498 1246 619 1276 crimine
637 1246 810 1285 proditionis
826 1246 861 1275 ab
879 1246 1007 1275 exercitu
1020 1255 1072 1276 suo
1086 1246 1257 1276 interfectus
1290 1250 1296 1255 ”

195 1293 245 1318 051.
281 1288 313 1319 L.
338 1288 491 1317 Cornelius
514 1288 590 1326 Sylla
613 1288 723 1325 legatus
746 1288 890 1317 Samnites
912 1288 1024 1327 proelio
1049 1288 1116 1317 vicit
1139 1293 1167 1317 et
1189 1288 1256 1318 bina

196 1336 286 1360 castra
303 1340 403 1360 eorum
422 1330 604 1369 expugnavit.
642 1330 693 1359 Cn.
711 1330 868 1370 Pompeius
884 1330 1018 1360 Vestinos
1034 1331 1063 1360 in
1080 1330 1257 1360 deditionem

157 1376 170 1399 5
193 1373 313 1412 aceepit.
352 1373 383 1401 L.
406 1372 527 1402 Porcius
548 1371 651 1401 consul
673 1372 760 1402 rebus
783 1381 922 1411 prospere
944 1372 1032 1410 gestis
1055 1372 1184 1411 fusisque
1206 1372 1256 1402 ali-

194 1415 329 1453 quotiens
351 1414 467 1450 Marsis,
492 1415 560 1443 dum
586 1419 676 1443 castra
702 1423 802 1443 eorum
826 1419 987 1453 expugnat,
1013 1414 1130 1450 cecidit3
1156 1424 1188 1444 ea
1210 1424 1257 1444 res

193 1456 326 1486 hostibus
337 1456 486 1485 victoriam
500 1456 561 1485 eius
575 1456 678 1494 proelii
691 1456 778 1485 dedit.
806 1456 966 1485 Cosconius
979 1461 1006 1485 et
1019 1456 1161 1485 Lucceius
1174 1456 1256 1486 Sam-

194 1499 268 1527 nites
291 1498 351 1528 acie
373 1498 521 1533 vicerunt,
544 1498 666 1527 Marium
690 1498 859 1536 Egnatium,
890 1497 1102 1527 nobilissimum
1129 1498 1256 1528 hostium

194 1541 306 1576 ducem,
319 1540 489 1569 occiderunt
501 1539 709 1579 compluraque
723 1540 827 1579 oppida
842 1540 871 1569 in
886 1540 1061 1569 deditionem
1071 1545 1256 1579 acceperunt.

145 1586 172 1610 10
195 1583 227 1611 L.
245 1582 321 1622 Sylla
338 1582 477 1621 Hirpinos
494 1582 619 1617 domuit,
643 1582 787 1611 Samnites
810 1582 942 1621 pluribus
959 1582 1077 1621 proeliis
1093 1582 1181 1619 rudit,
1203 1582 1255 1612 ali-

195 1630 265 1663 quot
281 1624 406 1664 populos
428 1625 539 1663 recepit
560 1624 732 1663 quantisque
755 1633 819 1653 raro
843 1624 995 1663 quisquam
1013 1624 1086 1654 alius
1101 1629 1168 1654 ante
1184 1633 1255 1654 con-

193 1666 318 1696 sulatum
327 1667 414 1696 rebus
424 1667 512 1705 gestis
522 1667 555 1696 ad
566 1666 734 1706 petitionem
743 1666 912 1696 consulatus
920 1666 1039 1696 Romam
1049 1670 1091 1695 est
1099 1667 1254 1705 profectus.

260 1718 282 1740 7.
295 1716 430 1746 Lucceius]
441 1715 504 1740 nach
515 1715 567 1745 Gr.;
581 1715 645 1740 Jahn
658 1716 703 1740 mit
716 1714 789 1740 Naz.:
805 1716 926 1743 lucanum
941 1715 996 1740 eine
1006 1716 1078 1747 jiing.
1090 1714 1193 1742 Hdschr.
1205 1715 1255 1741 und

192 1749 231 1773 die
251 1749 288 1774 ed.
309 1758 357 1782 pr.:
378 1749 484 1773 luceius.

629 1791 645 1815 L
653 1791 662 1816 1
670 1791 696 1816 B.
715 1790 820 1816 Lxxvt.

277 1844 413 1864 1111100111
427 1844 481 1864 Lm.
495 1843 587 1863 Lxxw.
618 1835 650 1863 A.
665 1834 804 1864 Gabinius
819 1834 931 1873 legatus
946 1833 1033 1864 rebus
1049 1834 1185 1863 adversus
1196 1833 1254 1863 Lu-

194 1885 283 1906 canos
299 1886 438 1916 prospere
451 1876 541 1915 gestis
557 1881 584 1906 et
597 1876 729 1916 plurimis
742 1876 857 1916 oppidis
870 1876 1041 1916 expugnatis
1057 1876 1086 1905 in
1103 1876 1255 1906 obsidione

1326 1998 1346 2143 h.-.-—--
