1367 2143
512 101 792 129 mu.xx.xxxxvt
1125 98 1184 127 135

117 191 228 222 catulos
244 190 380 219 leoninos
395 198 422 218 se
439 190 562 219 educare
577 191 614 226 (a.
632 199 660 218 u.
678 198 702 218 c.
720 189 798 223 5243
823 197 846 216 a.
865 187 930 216 Chr.
950 196 977 215 u.
995 187 1079 222 230).
1119 186 1187 216 Cas-

116 234 186 264 siod.
203 233 310 270 cleron]

201 295 216 312 *
233 293 275 330 [L.
295 292 432 321 Veturius
455 296 482 321 et
499 291 529 320 C.
546 290 689 319 Lutatius.
723 289 770 318 his
792 288 962 318 consulibus
985 287 1027 317 via
1044 287 1186 317 Flaminia

117 336 226 365 munita
245 340 272 364 et
289 335 384 364 circus
401 335 507 367 sactus,
534 333 582 372 qui
601 331 761 361 Flaminius
783 330 947 370 appellatur
963 332 999 367 (a.
1019 340 1045 359 u.
1064 340 1088 360 c.
1107 332 1185 370 5334;

116 388 140 407 a.
159 378 225 407 Chr.
244 387 270 406 n.
288 378 372 412 220).
397 376 521 406 Cassiod.
539 375 647 410 chrum}

548 447 754 474 IAB.xL-xx

205 498 253 531 14)
271 495 322 524 Dic
339 495 425 524 mihi:
451 503 516 523 cum
533 502 620 531 saepe
644 500 767 521 numero
793 491 821 519 iu
840 490 977 519 Romanis
1001 490 1130 519 historiis
1146 490 1187 519 le-

116 544 200 576 gatur
228 538 307 566 Livio
331 543 463 571 auctore,
484 535 651 574 saepissime
675 535 704 563 in
729 534 781 562 hac
805 533 877 562 urbe
902 537 999 562 exorta
1021 533 1186 571 pestilentia

119 581 229 610 infinita
248 580 398 609 hominum
415 579 493 608 milia
509 577 684 616 deperiisse,
709 581 797 614 atque
821 585 854 604 eo
873 576 1043 614 frequenter
1058 579 1186 608 ventum,

118 628 149 652 ut
166 623 210 652 vix
227 627 317 656 esset,
344 622 422 650 unde
439 620 494 650 illis
518 620 665 649 bellicosis
683 618 865 657 temporibus
882 618 1026 647 exercitus
1044 618 1187 656 potuisset

117 665 256 699 adscribi,
279 664 328 693 illo
353 669 485 702 tempore
507 663 561 692 deo
586 668 635 691 tuo
653 661 811 690 Februario
829 660 950 689 minime
966 659 1127 689 litabatur?
1149 669 1186 689 an

119 708 202 736 etiam
220 706 316 736 cultus
334 706 379 735 hic
396 707 517 735 omnino
535 705 608 734 nihil
626 702 785 743 proderat?
803 703 851 732 illo
870 708 1001 742 tempore
1016 702 1187 741 Lupercalia

118 759 176 779 uon
193 747 438 778 celebrabantur?
462 758 516 777 nec
537 748 615 777 enim
639 747 770 775 dicturus
794 755 824 774 es
840 745 912 774 haec
928 754 1008 774 sacra
1026 745 1120 774 adhuc
1136 745 1186 774 illo

118 797 247 831 tempore
265 800 323 820 uon
342 791 489 830 coepisse,
515 800 588 828 quae
611 795 678 818 ante
694 788 851 817 Romulum
876 787 910 817 ab
929 788 1066 817 Euandro
1084 788 1113 816 in
1131 787 1188 816 Ita-

117 834 183 863 liam
201 833 394 873 perhibentur
411 833 496 862 illata.
535 831 706 871 Lupercalia
723 836 818 860 autem
837 834 958 869 propter
971 830 1039 869 quid
1053 830 1188 859 instituta

115 882 199 911 sunt⁷
230 880 371 915 quantum
395 876 429 905 ad
453 875 546 914 ipsius
569 873 787 913 superstitionis
816 877 980 902 commenta
1010 877 1190 911 respectant,

118 919 216 948 Livius
237 919 364 948 secunda
388 918 494 947 decade
517 917 647 956 loquitur
671 925 724 945 uec
741 920 861 954 propter
877 915 995 944 morbos
1012 914 1190 944 inhibendos

117 962 249 991 instituta
272 965 497 995 commemorat,
521 960 569 989 sed
593 963 714 998 propter
738 957 933 991 sterilitatem,
963 962 994 987 ut
1018 957 1042 986 ei
1068 957 1189 992 videtur,

117 1004 284 1039 mulierum,
302 1013 374 1042 quae
389 1008 459 1032 tuuc
471 1002 625 1034 acciderat,
643 1000 859 1030 exsolvendam.
886 1000 994 1029 Gelasii
1007 1009 1097 1038 papae
1109 1001 1187 1039 epist.

115 1046 179 1075 adt).
197 1046 333 1075 Androm.
351 1048 378 1074 i'n
397 1045 519 1074 Barom'i
534 1043 633 1074 annal,
655 1043 747 1072 eccles.
779 1043 816 1072 ad
831 1053 856 1072 α.
875 1048 997 1069 ι’(ϊϊῐῐιἸἸ
1013 1052 1092 1071 mun.
1107 1049 1188 1070 xxxv.

540 1118 762 1144 Llss.xxxxvt

200 1173 337 1193 rnmocux
356 1173 410 1192 Lm.
427 1172 538 1192 xxxxvi.
563 1163 710 1192 Eumenes
727 1171 775 1191 rex
789 1161 910 1191 Romam
928 1162 1015 1197 venit,
1033 1161 1082 1200 qui
1095 1161 1190 1190 Mace-

116 1207 221 1236 donico
239 1206 316 1235 bello
333 1206 460 1235 medium
478 1210 584 1244 egerat.
621 1214 656 1234 ne
680 1209 728 1234 aut
751 1204 844 1233 hostis
868 1204 1011 1233 iudicatus
1034 1204 1190 1238 videretur,

117 1250 140 1278 si
157 1249 292 1279 exclusus
308 1253 393 1283 esset,
410 1254 457 1278 aut
473 1248 613 1277 liberatus
629 1247 768 1281 crimine,
792 1247 814 1275 si
833 1246 1045 1281 admitteretur,
1063 1246 1092 1275 in
1110 1255 1190 1275 com-

116 1301 205 1321 mune
225 1291 270 1321 lex
286 1291 341 1320 lata
365 1297 422 1324 est.
450 1300 485 1320 ne
503 1291 548 1319 cui
571 1290 631 1328 regi
648 1289 768 1318 Romam
793 1289 891 1318 venire.
908 1289 1018 1318 liceret.
1053 1288 1191 1318 Claudius

118 1333 271 1363 Marcellus
286 1333 390 1363 consul
407 1333 529 1372 Alpinos
550 1332 662 1365 Gallos,
685 1332 714 1361 C.
733 1331 881 1371 Sulpicius
899 1331 998 1360 Gallus
1021 1331 1125 1360 consul
1141 1331 1190 1360 Li·

117 1386 203 1415 gures
219 1376 344 1414 subegit.
378 1375 463 1413 legati
477 1375 595 1404 Prusiae
612 1375 690 1413 regis
706 1375 800 1413 questi
817 1379 886 1403 sunt
902 1374 936 1403 de
953 1374 1094 1408 Eumene,
1112 1374 1190 1412 quod

119 1420 191 1448 fines
207 1428 276 1448 suos
300 1418 505 1457 popularetur,
529 1418 723 1456 dixeruntque
748 1426 814 1446 eum
838 1417 1023 1455 conspirasse
1047 1425 1112 1446 cum
1131 1417 1190 1445 An—

119 1462 215 1491 tiocho
238 1461 374 1490 adversus
396 1460 539 1500 populum
555 1460 730 1489 Romanum.
766 1459 890 1488 societas
915 1467 981 1488 cum
997 1458 1119 1488 Rhodiis
1141 1459 1190 1488 de-

118 1503 305 1543 precantibus
317 1503 417 1532 iuncta
431 1508 482 1532 est.
507 1503 631 1532 lustrum
648 1512 663 1531 a
679 1501 851 1531 censoribus
864 1501 1014 1531 conditum
1029 1506 1086 1536 est;
1103 1510 1190 1530 censa

119 1551 188 1575 suut
211 1546 315 1575 civium
341 1546 434 1584 capita
458 1550 588 1574 trecenta
616 1545 733 1583 triginta
758 1549 869 1583 septem
894 1544 972 1573 milia
998 1543 1098 1582 viginti
1122 1543 1189 1573 duo.

119 1589 256 1628 princeps
273 1592 390 1617 senatus
407 1588 444 1616 M.
458 1587 599 1617 Aemilius
615 1587 753 1626 Lepidus.
777 1586 972 1622 Ptolemaeus,
990 1586 1112 1625 Aegypti
1129 1595 1189 1621 rex,

119 1631 221 1670 pulsus
242 1640 334 1669 reguo
357 1640 371 1659 a
394 1630 508 1659 minore
525 1630 629 1665 fratre,
652 1629 751 1658 missis
772 1629 806 1658 ad
829 1638 895 1658 eum
920 1628 1023 1667 legatis
1038 1628 1191 1658 restitutus

118 1679 170 1702 est.
206 1673 371 1707 Ariarathe,
395 1672 595 1712 Cappadociae
611 1681 696 1710 rege,
719 1677 836 1701 mortuo
854 1671 930 1700 filius
947 1671 1008 1700 eius
1025 1671 1191 1700 Ariarathes

119 1725 241 1754 regnum
258 1716 371 1755 accepit
388 1720 413 1744 et
430 1715 586 1745 amicitiam
603 1724 669 1744 cum
687 1714 798 1753 populo
810 1713 942 1743 Romano
956 1723 1009 1753 per
1021 1713 1131 1751 legatos
1144 1722 1190 1742 re-

120 1758 243 1788 novavit.
277 1767 323 1787 res
344 1762 493 1797 praeterea
517 1758 654 1787 adversus
670 1757 793 1795 Ligures
817 1764 842 1785 et
861 1757 967 1786 Corsos
991 1760 1019 1785 et
1035 1755 1192 1785 Lusitanos

120 1801 197 1830 vario
215 1805 318 1830 eventu
336 1805 432 1838 gestas
449 1805 476 1829 et
492 1805 589 1829 motus
606 1799 706 1838 Syriae
724 1804 840 1828 mortuo
858 1799 1012 1834 Antiocho,
1031 1798 1080 1837 qui
1098 1798 1190 1828 filium

122 1843 297 1873 Antiochum
319 1852 444 1882 puerum
469 1843 623 1872 admodum
648 1842 821 1881 reliquerat,
846 1842 986 1871 eontinet.
1029 1841 1109 1870 hunc
1132 1842 1192 1870 Au-

122 1885 250 1915 tiochum
269 1895 393 1924 puerum
410 1895 476 1915 cum
494 1885 577 1924 Lysia
594 1889 690 1914 tutore
708 1884 882 1919 Demetrius,
901 1883 1015 1913 Seleuci
1032 1883 1123 1918 filius,
1141 1883 1191 1922 qui

123 1926 230 1957 Romae
246 1927 331 1958 obses
348 1928 455 1963 fuerat,
481 1927 570 1964 clam,
588 1927 654 1966 quia
672 1936 732 1956 uon
749 1926 966 1962 dimittebatur,
984 1936 999 1956 a
1017 1925 1107 1956 Roma
1122 1935 1193 1965 pro-

1214 877 1238 901 m

1214 1548 1239 1573 Ν

1216 1761 1241 1785 ffi
