1367 2143
454 90 510 115 Lm.
530 88 831 115 mxxv-lxxxxv,
912 109 916 113 .
1122 87 1180 116 165

527 175 558 200 Ll
568 174 593 200 B.
614 174 765 201 Lxxxxnl.

194 236 331 257 remotum
355 237 409 256 Lm.
433 236 566 256 Lxxxxm.
609 226 641 256 P.
669 226 809 256 Servilius
836 226 996 265 proconsul
1024 227 1054 256 iu
1083 226 1180 257 Cilicia

108 270 223 300 Isauros
247 269 359 299 domuit
381 276 410 299 et
432 269 543 308 aliquot
565 269 653 298 urbes
681 269 839 308 piratarum
869 269 1055 308 expugnavit.
1092 268 1180 299 Nico-

109 313 218 348 medes,
231 312 383 351 Bithyniae
400 322 460 348 rex,
476 313 600 341 nzom'ens
612 311 756 350 populum
770 310 934 340 Romanum
951 311 1018 341 fecit
1032 312 1179 348 heredem,

108 364 291 394 regnumque
308 355 370 384 eius
386 355 415 383 in
430 354 597 393 provinciae
609 353 732 382 formam
749 354 898 383 redactum
913 359 964 383 est.
999 354 1181 384 Mithridates

110 398 227 427 foedere
244 406 310 426 cum
327 397 457 426 Sertorio
475 396 531 425 icto
548 395 656 425 bellum
674 395 784 434 populo
801 395 934 425 Romano
951 396 1057 426 intulit.
1089 406 1179 436 appa-

109 444 188 470 ratus
204 439 270 469 dein
289 439 433 477 regiarum
450 439 600 478 copiarum
618 438 795 477 pedestrium
812 437 1016 477 navaliumque
1040 443 1068 467 et
1092 448 1180 468 occu-

108 487 174 522 pata
187 481 319 520 Bithynia
333 486 357 511 et
370 481 407 510 M.
422 480 557 510 Aurelius
574 480 656 510 Cotta
674 480 777 510 consul
788 480 822 509 ad
836 480 1019 510 Calchedona
1037 481 1148 520 proelio
1165 491 1180 511 a

108 534 176 563 rege
203 525 295 554 victus
322 533 427 562 resque
453 533 467 552 a
491 523 632 562 Pompeio
660 528 688 552 et
711 522 826 552 Metello
856 523 993 552 adversus
1018 523 1179 553 Sertorium

107 572 198 605 yestae
220 567 404 605 referuntur,
428 565 528 604 quibus
550 565 687 594 omnibus
702 565 770 594 belli
793 565 971 605 militiaeque
996 565 1106 595 artibus
1129 575 1181 605 par

109 610 178 645 fuit,
200 614 231 638 ut
247 618 315 648 quos
331 614 357 637 et
374 608 410 637 ab
432 607 584 637 obsidione
601 607 749 645 Calaguris
773 608 874 647 oppidi
898 607 1036 647 depulsos
1053 608 1181 647 coegerit

107 652 234 681 diversas
250 651 385 689 regiones
403 654 518 689 petere,
536 650 683 679 Metellum
702 650 870 680 ulteriorem
888 650 1074 690 Hispaniam,
1092 651 1179 680 Pom-

108 694 205 732 peium
223 693 354 722 Galliam.

175 752 197 776 3.
217 752 341 779 moriens]
361 750 491 781 eingel‘i'igt
504 750 566 774 nach
577 750 621 774 der
637 750 674 774 ed.
686 758 761 782 pr.—
774 752 796 775 7.
814 751 989 782 et]eingess1gt
1004 751 1068 775 nach
1080 750 1181 782 Ussing.

107 800 137 802 ἠ
159 786 181 810 S.
202 784 260 808 wn.
281 785 311 809 ist
331 784 442 816 geneigtv
463 788 499 809 b*
517 785 544 808 12
564 786 682 815 (rt-sque.
695 803 699 808 .
714 784 838 810 Galliam)
857 785 896 809 ssu·
915 785 1006 809 unecht
1032 792 1062 809 zu
1086 784 1181 809 halten.

106 834 138 836 —
153 820 175 844 9.
194 821 286 849 gestat·
298 818 462 847 refer-untur,
476 819 579 850 quibus]
599 819 701 850 erganzt
716 818 779 842 nach
793 818 979 850 Andeutuugen
1000 818 1024 843 iu
1044 818 1091 843 den
1107 819 1181 850 jung.

107 852 210 877 lldschr.
231 853 274 876 mit
295 851 367 876 Drak.
387 851 437 876 und
457 851 537 876 Wssb.
553 866 583 869 —
601 854 638 876 10.
659 855 687 876 ue
705 854 777 883 quos]
798 855 826 877 ue
845 853 945 884 ergiinzt
961 852 1024 877 nach
1038 852 1096 884 Mg.,
1117 861 1182 884 quos

108 887 170 911 nach
187 887 312 917 jiingeren
332 885 436 910 Uest-tn:
456 886 504 910 und
525 885 569 910 der
588 886 625 910 ed.
646 894 681 918 pr.

520 961 587 986 LlB.
607 962 768 987 Lxxxxmt.

193 1023 330 1042 nemnem
344 1022 398 1043 Lm.
412 1022 555 1042 Lxxxxnu.
584 1014 615 1043 L.
632 1014 761 1043 Licinius
773 1013 913 1043 Lucullus
926 1014 1029 1044 consul
1046 1014 1183 1044 adversus

108 1056 291 1086 Mithridaten
310 1055 495 1094 equestribus
518 1056 637 1095 proeliis
654 1056 776 1086 feliciter
798 1057 938 1096 pugnavit
961 1063 988 1086 et
1004 1057 1115 1096 aliquot
1132 1066 1180 1086 ex-

106 1098 271 1138 peditiones
286 1107 443 1138 prosperas
460 1098 526 1127 fecit
546 1104 763 1138 poscentesque
786 1108 914 1139 pugnam
939 1099 1046 1128 milites
1067 1109 1082 1129 a
1105 1099 1182 1128 sedi-

107 1141 187 1170 tione
210 1140 346 1170 inhibuit.
388 1140 556 1177 Deiotarus,
580 1141 796 1179 Gallograeciae
818 1143 993 1177 tetrarches,
1018 1142 1182 1181 praefectos

107 1183 281 1212 Mithridatis
304 1183 412 1212 bellum
435 1183 464 1212 in
488 1183 612 1222 Phrygia
635 1189 786 1214 moventes
810 1184 924 1214 cecidit.
962 1189 1112 1224 praeterea
1134 1193 1181 1213 res

106 1235 121 1254 a
144 1225 196 1255 Cn.
218 1226 359 1264 Pompeio
384 1226 413 1255 in
435 1225 574 1265 Hispania
602 1232 703 1256 contra
727 1226 888 1256 Sertorium
916 1236 1059 1266 prospere
1086 1231 1182 1265 gestas

107 1273 250 1298 continet.

192 1336 245 1373 24)
262 1335 362 1365 Livius
379 1336 408 1365 in
430 1336 503 1365 libro
522 1336 712 1374 nonagesimo
737 1341 839 1375 quarto
857 1337 1013 1366 Inarimen]
1037 1337 1066 1366 in
1083 1337 1181 1366 Maeo-

106 1378 171 1407 niae
194 1377 327 1417 partibus
344 1388 408 1408 esse
430 1379 515 1413 dicit,
540 1379 655 1418 uhiper
670 1379 883 1418 quinquaginta
900 1379 978 1409 milia
1002 1384 1095 1408 terrae
1120 1379 1180 1417 igni

107 1424 301 1492 qxustqqslqpq
323 1421 380 1450 hoc
393 1421 476 1451 etiam
491 1422 651 1451 Homerum
665 1422 845 1460 significasse
857 1422 926 1451 vult.
954 1421 1034 1451 Serv.
1047 1422 1085 1451 ad
1102 1421 1181 1460 Ver-9.

105 1486 113 1491 -
130 1472 174 1492 en.
308 1464 356 1493 15.

529 1520 561 1545 l.l
570 1520 597 1547 B.
619 1520 762 1546 LXXXXV.

191 1581 326 1602 manmena
345 1582 399 1602 Lm.
412 1582 530 1602 Lxxxxv.
559 1572 589 1602 C.
602 1572 689 1603 Curio
706 1574 867 1613 proconsul
881 1573 1031 1604 Dardanos
1046 1575 1076 1604 in
1090 1574 1182 1604 Thra-

105 1614 147 1644 cia
170 1614 291 1644 domuit.
323 1619 460 1654 quattuor
483 1620 510 1645 et
533 1616 717 1655 septuaginta
739 1616 913 1654 gladiatores
936 1616 1033 1656 Capua
1056 1627 1089 1646 ex
1112 1617 1182 1647 ludo

103 1656 221 1686 Lentuli
250 1658 447 1696 profugerunt
474 1663 501 1687 et
528 1663 704 1697 congregata
731 1659 916 1688 servitiorum
949 1660 1181 1698 ergastulorum-

104 1708 161 1738 que
176 1699 365 1730 multitudine
381 1700 466 1730 Crixo
490 1705 517 1730 et
541 1701 680 1740 Spartaco
705 1701 830 1731 ducibus
853 1701 929 1731 bello
955 1703 1077 1732 excitato
1095 1702 1180 1732 Clau-

104 1742 184 1772 dium
199 1742 358 1772 Pulchrum
375 1743 501 1782 legatum
525 1747 553 1773 et
568 1743 600 1773 P.
616 1743 761 1773 Varenum
785 1748 949 1783 praetorem
976 1745 1088 1784 proelio
1105 1745 1180 1775 vice-

103 1791 182 1814 runt.
213 1784 395 1816 L.Lucullus
407 1786 568 1825 proconsul
580 1787 615 1815 ad
629 1786 764 1825 Cyzicum
778 1786 880 1816 urbem
894 1788 1053 1817 exercitum
1067 1787 1181 1817 Mithri-

104 1826 176 1856 datis
192 1827 266 1857 fame
283 1828 419 1868 ferroque
436 1828 540 1858 delevit
556 1829 733 1868 pulsumque
750 1829 884 1868 Bithynia
898 1839 996 1868 regem
1012 1831 1099 1860 variis
1111 1829 1179 1859 belli

105 1878 137 1899 ac
154 1871 371 1909 naufragiorum
388 1871 503 1901 casibus
520 1871 642 1901 fractum
660 1872 755 1910 coegit
772 1872 800 1901 in
818 1871 944 1902 Pontum
961 1873 1129 1912 profugere.

173 1920 196 1944 2.
218 1920 316 1952 Capua]
337 1921 400 1946 nach
421 1920 542 1954 Siesbye;
562 1922 612 1954 vgl.
632 1921 697 1946 Vell.
719 1922 740 1948 2.
764 1923 801 1949 11,
821 1923 848 1949 5;
869 1921 989 1947 Hdschr.:
1010 1922 1122 1954 Capuae.

1207 610 1234 635 10
