1367 2143
134 686 161 710 to

134 896 160 920 15

134 1601 161 1624 10

134 1809 161 1832 15

188 41 248 71 152
429 42 457 67 T.
477 42 539 67 LlVl
557 42 736 67 PERIOCHAE
754 42 794 67 ET
814 43 1021 69 FRAGMENTA.

255 128 277 151 2.
297 127 336 159 [id
353 129 390 150 est
405 128 519 157 pis-atas]
538 126 629 158 getilgt
647 126 710 150 nach
730 126 776 151 den
792 127 918 159 jiingeren
931 127 1123 153 Handschristen
1142 130 1188 154 mit
1208 129 1251 154 der

187 160 225 184 ed.
241 168 287 191 μω
307 160 384 184 Jahn:
410 161 569 190 [maritinms
584 160 732 191 praedones
752 160 779 183 id
796 162 851 191 est}
870 175 902 178 —
924 163 960 186 18.
981 164 1008 186 in
1028 163 1119 192 culleo]
1139 163 1184 187 mit
1202 162 1250 187 deu

187 193 393 220 Hantlschristen:
412 193 489 218 Jahn:
510 194 605 222 callem
625 193 708 218 Halm:
729 195 756 217 in
777 194 899 219 culleum.

622 260 652 285 LI
660 260 686 284 Β,
705 260 818 285 vafflt.

271 312 408 332 PERtOCHA
437 313 492 332 Lm.
520 312 627 332 vauu.
671 304 703 332 L.
733 304 874 343 Apuleius
900 304 1075 334 Saturninus
1100 305 1251 335 adiuvante

187 345 219 374 C.
241 345 331 374 Mario
355 350 383 374 et
403 355 455 384 per
476 345 581 374 milites
604 346 700 375 occiso
717 346 749 374 A.
765 346 883 375 Nunnio
904 347 1094 385 competitore
1114 347 1251 377 tribunus

187 387 282 426 plebis
304 396 357 426 per
372 387 427 416 vim
452 393 580 421 creatuS,
604 397 661 416 non
686 388 784 417 minus
799 388 940 417 violenter
963 389 1141 418 tribunatum
1165 399 1251 428 quam

187 429 309 467 petierat
324 429 413 467 gessit
429 434 471 465 et,
494 438 559 458 cum
584 429 678 468 legem
694 430 834 467 agrariam
852 439 903 469 per
919 431 974 459 vim
993 431 1116 467 tulisset,
1133 431 1248 460 Metello

185 471 355 506 Numidico,
379 472 455 510 quod
478 472 508 500 in
531 481 593 500 eam
610 480 669 501 non
694 472 851 507 iuraverat,
874 472 950 501 diem
974 472 1052 502 dixit.
1088 473 1219 512 quicum
1236 483 1251 502 a

185 513 271 542 bonis
283 513 393 543 civibus
406 514 620 549 defenderetur,
638 523 674 543 ne
687 523 771 543 causa
783 514 975 543 certaminum
989 520 1073 549 esset,
1089 515 1118 544 in
1132 515 1250 544 exilium

185 555 380 584 voluntarium
404 555 537 585 Rhodum
561 556 710 594 profectus
732 560 774 585 est
796 556 894 594 ibique
917 556 1039 594 legendo
1065 562 1091 585 et
1107 557 1250 586 audiendo

185 606 307 636 magnos
330 598 405 626 viros
428 598 610 627 avocabatur.
644 598 775 636 profecto
792 598 823 627 C.
840 599 956 633 Marius,
973 599 1124 628 seditionis
1139 604 1250 634 auctor,

186 639 235 677 qui
252 644 364 668 sextum
381 640 563 668 consulatum
587 640 710 678 pecnnia
732 650 784 678 per
808 640 901 669 tribus
917 650 1015 679 sparsa
1032 646 1155 674 emerat.
1177 650 1251 679 aqua

185 686 213 710 et
239 682 300 719 igni
328 682 485 710 interdixit.
529 682 603 710 idem
628 681 767 720 Apuleius
793 682 969 711 Saturninus
996 683 1132 712 tribunus
1157 682 1251 721 plebis

185 723 215 752 C.
233 723 401 752 Memmium
419 723 601 752 candidatum
620 723 805 759 consulatus,
822 724 958 762 quoniam
975 724 1167 753 adversarium
1185 733 1250 753 eum

184 765 349 794 actionibus
365 765 424 794 suis
441 765 569 799 timebat,
586 765 698 794 occidit.
734 765 840 803 quibus
861 766 948 795 rebus
971 766 1115 795 concitato
1139 771 1251 802 senatu,

186 808 214 836 in
232 808 315 836 cuius
340 816 455 836 causam
480 812 507 835 et
523 807 554 835 C.
571 807 695 841 Marius,
718 808 806 836 homo
830 808 898 837 Varii
923 812 950 836 et.
973 808 1118 837 mutabilis
1140 808 1250 846 ingenii

185 850 357 887 consiliique
380 858 495 888 semper
518 849 679 878 secundum
707 850 868 883 fortunam,
896 850 1065 885 transierat,
1092 859 1251 889 oppressus

183 891 270 920 armis
285 900 351 920 cum
369 891 485 920 Glaucia
501 895 636 930 praetore
660 896 687 919 et
708 891 771 920 aliis
787 892 915 920 eiusdem
939 892 1047 921 furoris
1069 894 1152 922 sociis
1173 892 1249 921 bello

184 934 308 971 quodam
331 933 502 962 interfectus
524 937 575 961 est.
610 932 643 966 Q.
661 933 801 962 Caecilius
818 933 949 962 Metellus
970 934 1005 962 ab
1029 934 1113 963 exilio
1137 934 1250 971 ingenti

184 976 273 1004 totius
294 975 416 1004 civitatis
440 976 535 1004 favore
559 975 696 1004 reductus
719 980 771 1003 est.
810 975 855 1003 Μ’.
879 976 1011 1014 Aquilius
1034 976 1194 1013 proconsul
1220 977 1249 1005 in

185 1017 281 1046 Sicilia
299 1017 407 1046 bellum
424 1017 526 1046 servile
543 1017 697 1046 excitatum
714 1017 851 1046 confecit.

252 1068 273 1090 7.
293 1066 401 1096 leg-endo
421 1068 445 1089 et
463 1066 604 1095 audiendo]
624 1066 687 1090 nach
701 1065 748 1089 den
759 1066 884 1097 jiiugeren
897 1065 1001 1090 Hdschr.
1020 1066 1070 1091 und
1085 1066 1127 1090 der
1143 1066 1181 1090 ed.
1197 1074 1249 1098 pin:

184 1099 256 1124 Naz.:
277 1100 409 1123 audiendo
428 1102 453 1123 et
472 1100 587 1130 legendo,
608 1107 660 1123 was
679 1098 729 1130 Mg.
749 1099 788 1123 fiir
806 1100 898 1131 richtig
917 1100 978 1124 halt.

641 1174 706 1199 LlB.
726 1174 798 1199 LXX.

268 1226 406 1246 PERIOCHA
423 1227 478 1246 Lm.
494 1226 557 1246 Lxx.
592 1217 664 1246 Cum
677 1216 723 1245 Μ’.
736 1217 870 1255 Aquilius
882 1217 917 1246 de
932 1218 1065 1255 pecuniis
1080 1218 1250 1256 repetundis
1295 1223 1301 1228 ’

185 1268 300 1289 causam
317 1260 435 1294 diceret,
452 1260 514 1298 ipse
531 1260 640 1288 iudices
655 1268 757 1296 rogare
774 1259 876 1289 noluit.
911 1259 948 1288 M.
961 1260 1115 1295 Antonius,
1132 1259 1180 1298 qui
1195 1269 1248 1298 pro

185 1310 219 1330 eo
236 1301 404 1340 perorabat,
426 1302 555 1330 tunicam
578 1311 592 1330 a
613 1305 730 1339 pectore
747 1301 808 1330 eius
824 1301 950 1335 discidit,
974 1306 1005 1330 ut
1022 1302 1158 1331 honestas
1173 1302 1249 1331 cica-

184 1344 271 1372 trices
293 1344 473 1377 ostenderet,
497 1348 524 1372 et
547 1343 707 1372 indubitate
730 1343 882 1372 absolutus
905 1348 956 1372 est.
997 1343 1098 1373 Cicero
1123 1344 1185 1372 eius
1206 1343 1248 1372 rei

184 1385 264 1414 solus
285 1391 396 1414 auctor.
431 1385 464 1414 T.
481 1385 583 1414 Didius
606 1385 766 1423 proconsul
787 1386 923 1414 adversus
945 1385 1104 1415 Celtiberos
1126 1385 1249 1414 feliciter

184 1428 332 1466 pugnavit.
366 1427 562 1462 Ptolemaeus,
588 1427 765 1465 Cyrenarum
787 1437 852 1462 rex,
876 1427 922 1456 cui
945 1436 1110 1465 cognomen
1126 1427 1249 1465 Apionis

185 1469 249 1504 fuit,
269 1475 402 1498 mortuus
418 1469 552 1498 heredem
566 1469 708 1507 populum
723 1468 884 1498 Romanum
901 1468 1027 1507 reliquit,
1044 1474 1073 1498 et
1089 1470 1150 1498 eius
1165 1469 1247 1507 regui

185 1511 314 1540 civitates
330 1517 452 1543 senatus,
462 1511 567 1540 liberas
579 1520 641 1540 esse
653 1511 744 1540 iussit.
772 1510 983 1540 Ariobarzanes
995 1511 1024 1540 in
1037 1519 1160 1549 regnum
1174 1510 1248 1550 Cap-

184 1553 322 1591 padociae
346 1563 361 1583 a
377 1553 410 1582 L.
428 1553 563 1583 Cornelio
581 1553 657 1591 Sylla
680 1553 816 1582 reductus
838 1557 889 1582 est.
930 1553 1103 1583 Parthorum
1126 1553 1211 1590 legati
1232 1562 1247 1582 a

184 1604 252 1633 rege
268 1596 374 1625 Arsace
390 1595 468 1624 missi
485 1600 628 1624 venerunt
644 1595 678 1624 ad
695 1595 817 1633 Syllam,
840 1600 872 1624 ut
891 1595 1046 1624 amicitiam
1071 1595 1171 1634 populi
1189 1594 1246 1623 Ro-

184 1638 262 1666 mani
278 1642 420 1676 peterent.
459 1637 490 1666 P.
507 1637 647 1672 Rutilius,
670 1637 712 1666 vir
735 1646 863 1666 summae
886 1637 1086 1672 innocentiae,
1108 1637 1246 1675 quoniam

184 1679 295 1717 legatus
311 1680 341 1708 C.
360 1680 435 1708 Muci
456 1680 642 1718 proconsulis
665 1688 679 1708 a
702 1679 924 1718 publicanorum
949 1679 1062 1708 iniuriis
1078 1679 1173 1707 Asiam
1197 1680 1246 1707 (le-

185 1722 332 1756 fenderat,
349 1722 459 1750 invisus
475 1722 600 1760 equestri
617 1721 727 1756 ordini,
750 1730 840 1760 penes
856 1730 943 1759 quem
959 1721 1064 1750 iudicia
1081 1726 1177 1756 erant,
1201 1730 1246 1749 re-

186 1764 380 1801 petundarum
397 1764 548 1792 damnatus
564 1764 594 1792 in
612 1763 727 1792 exilium
744 1763 850 1792 missus
867 1768 917 1792 est.
953 1762 982 1792 C.
997 1763 1114 1792 Sentius
1130 1767 1249 1801 praetor

183 1805 321 1834 adversus
337 1805 463 1835 Thracas
478 1805 633 1835 infeliciter
648 1805 794 1844 pugnavit.
829 1809 947 1834 senatus
969 1814 1034 1834 cum
1052 1804 1244 1843 inpotentiam

186 1847 328 1886 equestris
344 1848 454 1877 ordinis
470 1848 500 1877 in
517 1847 631 1877 iudiciis
644 1847 811 1877 exercendis
828 1847 903 1877 serre
921 1846 1019 1883 nollet,
1036 1847 1115 1876 omni
1133 1847 1157 1875 vi
1174 1846 1245 1876 eniti
