1367 2143
141 198 168 223 15

138 1710 165 1733 10

195 58 253 88 170
434 60 462 85 T.
482 60 542 85 LlVI
560 60 739 86 PERIOCHAE
758 62 798 87 ET
818 63 1026 89 FRAGMENTA.

193 146 315 176 Galliam
332 146 480 185 profectus
497 146 654 182 Helvetios,
671 156 770 185 vagam
787 153 913 185 gentem,
930 149 1050 186 domuit,
1067 159 1139 188 quae
1158 150 1255 179 sedem

193 197 336 228 quaerens
353 197 405 227 per
421 188 599 227 provinciam
617 188 745 218 Caesaris
761 189 927 220 Narbonem
951 191 1004 221 iter
1021 192 1113 221 facere
1130 192 1252 221 volebat.

191 235 340 269 praeterea
363 230 450 259 situm
474 230 631 259 Galliarum
654 232 793 261 continet.
835 232 992 272 Pompeius
1017 234 1052 263 de
1075 245 1091 262 ιιι
1119 245 1134 262 *
1157 234 1256 263 liberis

191 273 363 302 Mithridatis
386 277 414 301 et
429 272 564 311 Tigrane,
582 273 714 311 Tigranis
737 273 812 311 filio,
834 275 1021 314 triumphavit
1036 276 1216 315 Magnusque
1240 286 1255 306 a

192 320 249 344 tota
266 314 403 344 contione
419 314 618 344 consalutatus
634 320 685 344 est.

259 375 281 397 3.
301 373 375 401 elam]
396 372 459 397 nach
478 372 562 401 Halm3
587 372 704 397 Hdschr..
729 381 794 398 cnm.
819 388 851 392 —
879 376 915 400 16.
936 375 967 399 de
985 384 1000 398 «κ
1019 376 1043 405 a]
1069 375 1152 400 Li'icke
1177 383 1253 407 ange-

191 414 307 431 nomnien
326 406 389 430 nach
409 406 448 430 Gr.
468 421 499 423 —
522 408 559 432 17.
580 409 605 430 et
628 406 751 437 Tsgrane]
771 408 833 432 nach
854 408 907 437 Gr.;
927 408 1004 433 Jahn:
1027 408 1142 440 Tigrane
1161 413 1192 433 et.

276 468 326 502 32)
345 466 514 495 Horrendus
530 467 621 504 magis
637 472 688 502 est,
702 467 818 505 perimit
834 468 882 506 qui
900 477 1032 507 corpora,
1049 468 1145 497 carbo.

342 508 404 537 Vrit
419 509 466 537 liic
483 508 623 543 inclusus,
640 509 733 538 vitalia
749 510 860 548 rumpit
876 514 1006 549 apertum

340 550 426 580 Hunc
443 555 553 580 veteres
570 552 716 589 quondam
732 552 817 581 variis
833 552 972 591 pepulere
988 552 1116 582 medelis.

340 592 435 622 Tertia
454 602 578 631 namque
595 593 651 622 Titi
667 593 753 622 simul
770 599 797 623 et
816 595 973 623 centesima
989 594 1050 623 Livi

341 634 445 663 Charta
462 635 555 668 docet,
572 635 648 664 ferro
666 636 752 664 talem
770 636 911 665 candente
928 636 1056 665 dolorem

340 677 495 705 Exsectum
512 682 560 706 aut
576 681 645 715 poto
662 687 800 716 raporum
817 678 926 707 semine
942 678 1069 717 pulsum,

340 718 442 747 lnl'ecti
460 719 559 748 dicens
576 719 619 747 vix
636 725 746 758 septem
763 729 849 758 posse
865 720 967 749 diebus

341 760 432 789 Vitam
450 761 587 799 produci;
605 766 683 790 tanta
700 766 742 790 est
757 761 891 791 violentia
909 762 1012 791 morbi.

340 802 435 831 Seren.
454 802 599 832 Sammon.
617 804 648 832 <Ie
662 804 760 833 medic.
778 805 827 839 39,
845 805 905 834 725
915 805 933 833 f.

273 860 287 877 *
306 861 352 898 [M.
371 861 481 900 Pupius
494 866 522 890 ct
535 862 572 890 M.
585 862 724 891 Valerius.
755 863 799 892 his
816 863 986 892 consulibus
999 863 1119 892 Catilina
1136 863 1164 892 in
1182 872 1251 901 agro

187 904 355 933 Pistoriensi
372 913 386 932 a
401 903 430 932 C.
443 904 570 933 Antonio
588 904 662 933 bello
680 909 848 944 peremptus
865 910 907 934 est
920 906 956 942 (a.
970 915 998 935 u.
1012 915 1036 934 c.
1052 906 1128 941 6933
1146 915 1170 935 a.
1184 905 1250 935 Chr.

188 955 215 975 n.
233 947 294 984 61).
327 946 450 975 Cassiod.
468 946 575 983 chron]

257 1006 275 1028 t.
296 1005 335 1027 his
354 1004 519 1028 consulibus.
531 1006 546 1033 .]
570 1004 612 1028 dei·
631 1012 710 1034 ganzo
730 1004 788 1028 Satz
812 1006 932 1029 lu‘s..est
958 1005 1045 1036 geboit
1071 1013 1101 1029 zu
1121 1005 1176 1029 dem
1196 1013 1251 1030 vor-

186 1037 361 1095 hergeheilildcn
377 1037 558 1070 Konsulnpaar,
578 1037 605 1062 D.
620 1037 720 1062 Silanus
734 1038 783 1062 und
797 1038 821 1063 L.
836 1037 946 1065 Murena,
967 1038 1016 1063 und
1035 1039 1067 1063 ist
1088 1039 1154 1063 wohl
1175 1038 1249 1063 dahin

185 1074 299 1096 umzuste
322 1079 360 1095 en.

271 1133 286 1150 *
303 1131 344 1168 [L.
362 1131 428 1160 Piso
446 1136 473 1160 et
490 1132 521 1160 Α.
540 1131 689 1161 Gabinius.
729 1131 774 1160 his
796 1131 966 1161 consulibus
983 1131 1072 1161 Clodii
1099 1132 1250 1169 rogatione

186 1173 467 1252 ἓξοῗῗνῗῆἰφῖἔῖἰϋυη]
484 1178 527 1203 est
542 1174 690 1212 profectus
709 1175 745 1211 (a.
759 1183 786 1202 u.
801 1183 824 1203 c.
839 1174 915 1209 6963
935 1183 959 1203 a.
972 1173 1037 1203 Chr.
1051 1183 1078 1203 n.
1093 1175 1152 1209 58).
1184 1173 1251 1203 Cas-

644 1272 710 1297 LIB.
731 1272 796 1297 Cllll.

272 1334 409 1354 remotum
426 1334 480 1354 Lm.
498 1334 564 1353 eliu.
600 1324 695 1353 Prima
718 1334 784 1363 pars
806 1324 871 1353 libri
894 1325 981 1353 situm
999 1324 1169 1354 Germaniae
1189 1334 1252 1354 mo-

187 1376 292 1406 resque
309 1367 448 1396 continet.
484 1366 514 1395 C.
531 1366 651 1403 Caesar,
669 1376 734 1396 cum
751 1367 886 1396 adversus
903 1366 1078 1402 Germanos,
1103 1367 1151 1406 qui
1169 1367 1252 1396 Ario-

187 1410 260 1439 visto
276 1409 349 1438 <luce
366 1409 393 1437 in
413 1408 533 1437 Galliam
549 1409 796 1444 transcenderant,
813 1409 971 1438 exercitum
989 1409 1117 1445 duceret,
1132 1414 1252 1447 rogatus

187 1452 222 1481 ab
240 1451 346 1480 Aeduis
362 1455 388 1479 et
403 1450 555 1489 Sequanis⁷
574 1460 698 1489 quorum
714 1460 782 1488 ager
799 1450 1009 1489 possidebatur,
1026 1451 1250 1490 trepidationem

188 1493 310 1523 militum
342 1498 463 1532 propter
490 1499 597 1522 metum
625 1502 765 1522 novorum
794 1493 919 1522 hostium
948 1497 1040 1522 ortam
1067 1493 1252 1522 adlocutione

187 1536 331 1566 exereitus
359 1535 484 1564 inhibuit
512 1540 538 1564 et
568 1535 658 1564 victos
688 1535 799 1574 proelio
827 1535 988 1564 Germanos
1014 1535 1104 1564 Gallia
1132 1536 1251 1574 expulit.

188 1579 224 1607 M.
242 1578 343 1607 Cicero
360 1577 500 1616 Pompeio
523 1577 598 1607 inter
621 1577 693 1607 alios
717 1576 853 1606 ex‘orante
873 1581 899 1606 et
914 1577 946 1605 T.
965 1577 1060 1606 Annio
1078 1577 1185 1606 Milone
1202 1578 1252 1606 tri-

187 1622 266 1650 buno
290 1619 384 1659 plebis
406 1625 506 1658 agente
527 1620 638 1658 ingenti
662 1620 766 1658 gaudio
790 1623 907 1648 senatus
929 1628 962 1648 ac
984 1619 1073 1648 totius
1097 1619 1194 1649 Italiae
1216 1619 1250 1649 ab

189 1663 272 1692 exilio
296 1662 433 1691 reduetus
456 1667 506 1692 est.
545 1662 597 1691 Cn.
619 1662 758 1701 Pompeio
783 1671 834 1701 per
858 1662 1093 1700 quinquennium
1117 1671 1251 1691 annonae

188 1715 255 1735 eura
272 1705 403 1734 mandata
421 1709 472 1734 est.
508 1704 610 1734 Caesar
627 1704 798 1739 Ambianos,
822 1703 1011 1738 Suessionas,
1028 1703 1250 1739 Viromanduos,

189 1747 354 1781 Atrebates,
378 1747 530 1784 Belgarum
555 1746 695 1786 populos,
723 1755 847 1785 quorum
871 1746 974 1784 ingens
1002 1745 1158 1775 multitudo
1183 1750 1251 1781 erat,

188 1789 299 1828 proelio
323 1788 412 1818 victos
435 1789 463 1818 in
486 1789 664 1818 deditionem
688 1789 800 1828 aceepit
821 1798 854 1817 ac
876 1788 979 1817 deinde
1002 1792 1101 1817 eontra
1122 1788 1251 1824 Nervios,

189 1840 275 1861 unam
293 1840 325 1859 ex
342 1831 387 1860 liis
403 1831 575 1866 civitatibus,
593 1840 657 1860 cum
675 1840 780 1869 magno
796 1830 964 1859 discrimine
977 1830 1115 1869 pugnavit
1129 1839 1249 1869 eamque

188 1878 304 1912 gentem
322 1873 441 1908 delevit,
464 1883 536 1912 quae
553 1873 661 1902 bellum
684 1873 788 1911 gessit,
812 1873 905 1901 donec
921 1881 953 1901 ex
971 1873 1118 1910 sexaginta
1135 1872 1251 1901 milibus

1330 2086 1343 2143 pm.
1330 2054 1332 2061 .
