1367 2143
175 54 234 84 166
496 55 589 81 LIBER
606 55 744 81 xxxxun.
780 56 850 82 CAP.
868 57 909 81 45.

1101 70 1120 83 a.
1135 69 1155 83 u.
1165 68 1182 83 e.
1191 63 1238 84 586.

173 141 347 179 aliquotiens
364 141 460 170 dicere
476 141 666 179 incipientem
683 149 749 169 cum
765 140 898 170 lacrimae
914 140 1152 179 praepedissent,
1172 141 1239 179 quia

173 184 235 222 ipse
251 183 365 212 hiscere
381 183 502 222 nequiit,
518 183 656 212 Euandro
674 182 804 212 Cretensi
821 182 913 217 editis,
930 192 1004 220 quae
1020 183 1065 221 agi
1082 192 1148 212 cum
1164 183 1241 212 mul-

131 231 156 255 11
174 225 299 255 titudine
315 225 409 260 vellet,
426 225 461 254 de
473 225 582 264 templo
599 224 758 254 descendit.
785 224 941 254 multitudo
958 225 1033 254 sicut
1048 225 1082 254 ad
1096 233 1240 264 conspec-

174 272 236 297 tum
259 267 336 305 regis
352 268 511 306 fletumque
534 273 590 297 tam
607 266 800 296 miserabilem
824 271 852 296 et
874 267 936 304 ipsa
954 267 1136 305 ingemuerat
1155 267 1241 296 lacri-

174 314 369 347 maveratque,
386 309 423 339 ita
436 310 564 339 Euandri
581 309 742 339 orationem
759 309 984 347 aspernabatur;
1002 313 1030 338 et
1046 309 1161 347 quidam
1178 309 1242 338 ausi

174 356 243 381 sunt
260 352 354 381 media
378 361 411 381 ex
435 353 575 381 contione
598 351 777 381 succlamare
797 348 886 381 ‘abite
909 351 988 386 hinc,
1012 361 1059 387 ne,
1083 351 1133 389 qui
1157 351 1242 389 pauci

174 403 376 432 supersumus,
393 398 514 433 propter
526 403 575 423 vos
591 391 763 432 pereamus?
789 394 895 422 horum
910 393 1019 422 ferocia
1032 402 1131 422 vocem
1144 393 1242 422 Euan-

130 441 158 465 12
174 436 218 465 dri
232 436 344 466 clausit.
369 446 418 465 rex
434 436 501 465 inde
514 437 631 465 domum
649 445 679 465 se
692 435 803 474 recepit
816 435 1002 474 pecuniaque
1015 439 1043 464 et
1054 444 1125 464 auro
1139 444 1244 473 argen-

174 483 264 517 toque
287 478 316 507 in
340 478 470 514 lembos,
495 479 544 516 qui
568 479 598 507 in
619 478 773 517 Strymone
796 478 926 513 stabant,
950 477 1050 506 delatis
1073 481 1101 506 et
1123 478 1187 516 ipse
1210 477 1245 506 ad

132 526 159 550 13
174 521 282 550 flumen
299 520 458 550 descendit.
490 521 619 550 Thraces
636 520 756 549 navibus
778 530 809 549 se
833 520 1014 549 committere
1032 529 1091 549 non
1114 519 1177 549 ausi
1193 519 1245 548 do-

175 572 239 592 mos
256 563 359 601 dilapsi
376 567 403 592 et
418 563 471 592 alia
487 563 619 592 militaris
636 562 752 600 generis
768 562 868 597 turba;
887 562 1040 591 Cretenses
1056 571 1137 600 spem
1154 570 1245 600 pecu-

176 605 240 634 niae
264 605 366 636 secuti.

406 611 433 634 et
455 605 594 643 quoniam
618 605 648 634 in
671 604 824 633 dividendo
848 604 915 642 plus
938 604 1134 633 offensionum
1158 612 1244 642 quam

176 647 284 686 gratiae
300 653 376 683 erat,
401 647 613 686 quinquaginta
635 646 741 676 talenta
763 646 797 675 iis
814 646 907 684 posita
927 650 997 675 sunt
1019 646 1049 675 in
1066 646 1128 684 ripa
1145 645 1246 684 diripi-

132 695 160 718 14
177 689 260 718 enda.
285 689 320 718 ab
336 689 389 718 hae
400 689 566 728 direptione
583 698 648 718 cum
665 698 719 727 per
733 688 891 717 tumultum
904 696 990 717 naves
1003 688 1245 723 conscenderent,

176 731 304 760 lembum
321 740 413 761 unum
437 731 467 760 in
491 731 565 760 ostio
588 731 682 760 amnis
697 730 885 760 multitudine
905 735 1052 767 gravatum
1069 735 1245 760 merserunt.

135 779 162 802 15
180 773 336 812 Galepsum
354 783 388 802 eo
405 773 466 808 die,
484 779 602 812 postero
619 773 852 808 Samothracam,
870 781 955 810 quam
972 771 1126 810 petebant,
1145 781 1248 810 perve-

176 815 276 851 niunt;
293 816 327 844 ad
343 815 401 845 duo
418 815 495 845 milia
513 815 651 845 talentum
668 819 801 854 pervecta
819 824 852 843 eo
870 814 1018 843 (licuntur.

175 881 196 898 s.
216 875 256 903 45,
276 875 300 903 6,
319 875 344 901 ’ῖς
365 881 394 897 zu
414 875 437 903 5,
457 875 497 903 40,
516 875 539 897 4.
574 872 688 897 NlMiiller

176 910 312 931 vermutet:
339 909 385 938 qui
409 910 456 931 aut
478 915 548 939 spem
571 906 688 939 praedae

176 942 274 965 secuti.
287 959 292 964 .

214 976 252 1000 10.
269 975 447 1005 incipientem]
457 970 504 998 ‘als
515 982 541 998 er
553 993 557 998 .
568 993 573 998 .
585 971 690 998 wollte'.

177 1024 210 1027 -—
230 1008 340 1039 hiscere]
360 1015 380 1032 s.
401 1015 430 1032 zu
450 1009 690 1038 45,26,7.—tem-

175 1043 232 1075 plo]
248 1050 275 1067 so
286 1042 318 1066 ist
328 1041 367 1066 die
378 1041 560 1066 Rednerbiihne
571 1043 690 1073 genannt,

178 1077 235 1101 weil
261 1075 301 1100 die
326 1078 414 1100 rostra
439 1075 463 1099 in
483 1075 545 1099 Rom
571 1075 609 1100 ein
631 1078 692 1099 tem-

177 1111 251 1143 plum
270 1116 365 1137 waren,
387 1116 405 1133 s.
425 1116 456 1133 zu
475 1110 499 1137 S,
520 1110 558 1139 14,
579 1110 616 1133 12.

214 1145 254 1168 11.
273 1143 382 1174 quidam
399 1162 405 1167 .
423 1144 439 1172 .]
465 1143 513 1166 wie
538 1144 561 1172 8,
587 1144 626 1173 32,
648 1143 691 1171 12;

179 1177 238 1202 Tac.
262 1177 327 1201 Ann.
354 1179 374 1207 l,
397 1177 437 1201 35.
461 1191 494 1194 —
518 1176 691 1205 succlamare]

179 1211 230 1243 vgl.
250 1219 280 1235 zu
294 1212 333 1241 30,
348 1211 388 1241 42,
403 1211 448 1235 20:
468 1213 617 1234 senatorem
635 1217 692 1233 suc-

181 1246 307 1270 clamasse
324 1244 424 1273 serunt.
443 1258 476 1261 —
494 1246 541 1275 qui
557 1247 639 1275 pauci
650 1251 693 1267 su-

179 1279 327 1311 persmnus]
347 1285 367 1302 s.
381 1285 411 1302 zu
426 1279 448 1308 3,
461 1280 489 1307 5,
509 1285 539 1301 zu
558 1285 692 1309 superesse

180 1313 232 1344 vgl.
253 1313 292 1343 22,
305 1314 345 1341 59,
356 1313 370 1336 Β
381 1319 404 1335 u.
416 1318 438 1336 a.
450 1325 482 1329 —
496 1319 583 1335 vocem
602 1311 692 1334 Euan-

181 1347 224 1370 dri
247 1346 352 1375 clausit]
377 1345 427 1377 vgl.
452 1346 475 1375 2,
495 1346 517 1373 2,
537 1346 564 1369 S:
591 1344 694 1368 consuli

182 1400 188 1405 .
199 1400 204 1405 .
225 1380 370 1404 incluserat
389 1387 489 1406 vocem:
511 1378 572 1402 iiber
585 1378 632 1402 den
646 1378 692 1402 Ge-

181 1414 249 1439 netiv
269 1421 289 1438 S.
310 1414 333 1442 S,
353 1415 380 1440 7:
402 1414 442 1443 22,
460 1413 500 1443 25,
524 1414 565 1439 10;
593 1413 632 1439 25,
656 1413 694 1441 17,

181 1450 210 1475 Ἲς
230 1449 270 1477 27,
289 1448 329 1476 20,
353 1448 394 1474 11;
414 1454 444 1470 zu
463 1449 486 1475 4,
500 1447 563 1475 55,5
585 1445 634 1470 und
654 1446 694 1475 28,

181 1483 222 1511 24,
238 1483 264 1509 1;
283 1481 334 1512 vgl.
354 1480 403 1504 Cic.
424 1480 454 1504 de
473 1479 550 1509 fin.2‚
563 1481 621 1504 118:
643 1480 694 1502 vit·-

182 1518 223 1539 tns
248 1515 392 1545 voluptatis
418 1514 506 1537 aditus
532 1513 695 1536 intercludat

182 1557 284 1573 necesse
302 1551 347 1572 est.

218 1584 256 1607 12.
275 1582 337 1605 inde
363 1580 477 1613 domum]
500 1581 525 1605 in
544 1580 630 1604 seinen
649 1579 695 1604 Pa-

182 1617 244 1645 last;
264 1615 317 1647 vgl.
332 1616 347 1646 ξ
363 1617 404 1644 13;
424 1615 469 1639 das
489 1614 588 1639 hdschr.
607 1615 634 1637 in
649 1613 695 1637 do-

182 1658 252 1674 mum
267 1649 352 1673 wiirde
366 1649 421 1673 eine
432 1648 578 1673 attributive
590 1647 695 1672 Bestim-

182 1691 260 1715 inung
279 1683 419 1713 erfordern,
442 1682 490 1707 wie
509 1683 531 1712 3,
550 1683 591 1712 44,
610 1683 634 1706 9.
653 1682 695 1711 49,

184 1720 212 1746 53
237 1719 260 1748 4,
282 1718 320 1747 13,
340 1718 354 1741 9
374 1724 397 1740 u.
417 1723 451 1744 a.;
478 1715 641 1740 verschieden
661 1715 694 1739 ist

183 1753 224 1781 26,
239 1753 275 1781 10,
289 1753 316 1774 7:
337 1752 364 1774 in
383 1750 473 1774 domos
493 1753 571 1781 atque
585 1751 612 1772 in.
626 1751 694 1772 tecta

183 1784 362 1816 refugiebant.
381 1798 414 1801 —
433 1791 501 1808 auro
520 1783 693 1813 argentoque]

184 1818 260 1843 Gold-
286 1817 335 1842 und
360 1817 564 1849 Silbergeschirr;
589 1816 633 1841 der
651 1816 695 1840 ki}-

184 1852 292 1884 nigliche
303 1851 394 1876 Schatz
405 1852 437 1875 ist
447 1851 500 1875 also
520 1850 581 1875 nach
593 1849 695 1882 Amphi-

183 1886 248 1918 polis
267 1885 389 1918 geschafft
409 1885 521 1910 worden.

776 873 814 897 13.
837 871 958 901 Thraces]
978 871 1010 895 ob
1029 870 1069 895 die
1087 872 1127 900 44,
1146 872 1159 894 '1
1183 878 1250 903 weg<

741 905 903 938 geschickten
923 905 976 930 sich
991 912 1022 929 an
1032 905 1074 928 ihn
1087 904 1250 936 angeschlos-

741 947 785 964 sen
805 939 895 969 haben,
915 938 975 964 oder
993 938 1025 963 ob
1039 938 1054 970 ξ
1069 939 1083 962 9
1102 937 1194 963 andere
1207 938 1250 963 be-

742 973 857 998 zeichnet
875 972 939 1003 sind,
958 973 991 997 ist
1009 972 1078 996 nicht
1096 971 1164 1000 Mar:
1184 972 1248 996 nach

743 1009 783 1037 43,
803 1008 816 1031 8
836 1006 910 1031 sollte
934 1014 991 1030 man
1017 1005 1053 1030 sie
1071 1005 1140 1030 nicht
1158 1012 1249 1030 erwar-

743 1044 794 1065 ten.
820 1054 852 1058 η
876 1040 1001 1064 militaris
1024 1041 1140 1070 generis]
1165 1047 1184 1064 s.
1210 1041 1250 1070 24,

745 1075 785 1104 32,
800 1075 827 1099 2:
849 1074 884 1097 ad
901 1074 1018 1097 militare
1034 1081 1119 1103 genus
1139 1081 1214 1097 omne
1226 1092 1232 1098 .
1244 1092 1250 1098 .

744 1110 857 1132 invisum
878 1115 943 1135 essm
964 1108 1003 1138 34,
1023 1108 1063 1137 27,
1083 1108 1111 1135 9;
1130 1106 1209 1138 vgl.§
1222 1109 1249 1131 7:

744 1142 870 1165 militaris
890 1142 977 1166 turba..
988 1155 1022 1158 —
1033 1141 1121 1170 tut-ba]
1141 1140 1194 1172 vgl.
1210 1141 1250 1171 36,

745 1177 786 1206 33,
805 1177 832 1203 4;
853 1176 894 1205 39,
912 1176 953 1206 49,
973 1176 996 1200 S.
1015 1188 1048 1192 -—
1068 1174 1210 1205 Cretenses]
1230 1181 1251 1198 s.

745 1217 774 1233 zu
800 1210 841 1237 43,
861 1210 884 1233 S.
909 1223 941 1226 —
967 1216 1038 1240 spem
1061 1209 1191 1239 pecuniae
1214 1216 1251 1231 se-
1284 1206 1290 1211 '

746 1244 810 1272 cuts]
836 1242 859 1266 d.
879 1242 903 1266 h.
929 1242 964 1266 sie
988 1241 1078 1267 liessen
1102 1241 1154 1266 sich
1174 1241 1252 1266 durch

745 1277 785 1301 die
799 1275 917 1301 Aussicht
937 1275 994 1300 aus.
1007 1294 1012 1300 .
1024 1275 1172 1300 bestimmen
1191 1274 1254 1305 (ihm

745 1318 775 1335 zu
795 1310 899 1342 fulgen).
918 1323 950 1327 —
970 1311 998 1333 in
1015 1309 1167 1340 dividendo]
1187 1309 1253 1333 beim

746 1344 872 1368 Verteilen
892 1343 948 1373 (des
966 1342 1076 1372 (mdes),
1088 1355 1122 1364 =
1135 1350 1208 1367 wenn
1228 1350 1254 1366 er

747 1378 814 1402 hatte
841 1377 962 1401 verteilen
992 1376 1093 1400 wollen.
1118 1390 1151 1394 —-
1177 1377 1253 1408 quin-

746 1413 877 1442 quaginta
897 1410 1006 1441 !atenta]
1025 1410 1118 1434 eberiso
1132 1410 1198 1434 Plut.
1209 1411 1252 1437 232

746 1445 815 1469 Diod.
843 1445 882 1473 30,
902 1446 947 1469 ⁴26:
975 1441 1102 1472 ἑξήκοντα
1127 1441 1253 1467 τάλαντα,

747 1478 823 1503 Beide
842 1477 971 1507 erzahlen,
996 1477 1053 1501 dass
1072 1477 1178 1501 Perseus
1204 1480 1255 1501 erst

745 1512 864 1536 kostbare
892 1511 1022 1536 Geschirre
1054 1511 1167 1542 gegeben
1204 1510 1254 1534 und

745 1545 814 1570 diese
842 1545 907 1570 dann
936 1545 974 1569 fiir
1006 1545 1109 1576 geringe
1136 1543 1254 1568 Summen

746 1579 840 1604 wieder
865 1579 991 1610 eingelost
1014 1578 1086 1602 habe.
1112 1592 1145 1595 —
1166 1579 1254 1609 posita

745 1614 817 1643 sunt]
837 1613 888 1644 vgl.
901 1615 942 1643 41,
953 1613 993 1642 23,
1007 1614 1049 1636 11:
1069 1611 1125 1636 odii
1142 1619 1255 1643 regnum

745 1650 872 1679 posuerat
889 1647 1045 1678 praemium.

783 1683 819 1705 14.
840 1681 872 1704 ab
893 1681 942 1704 hac
967 1679 1124 1710 direptione]
1149 1678 1198 1702 wie
1223 1679 1255 1702 ab

747 1715 796 1738 liae
821 1716 955 1744 oratione,
981 1714 1103 1737 contione
1122 1719 1144 1736 u.
1164 1718 1186 1736 a.
1214 1719 1256 1744 ge-

746 1750 815 1780 sagt;
836 1755 855 1772 s.
875 1755 906 1772 zu
926 1748 966 1777 22,
987 1748 1025 1771 16,
1044 1760 1076 1764 --
1097 1747 1255 1776 met-serunt]

747 1782 771 1806 d.
791 1782 814 1806 h.
834 1782 870 1805 sie
890 1780 1044 1809 bewirkten,
1069 1779 1125 1804 dass
1143 1798 1166 1803 ..
1184 1778 1256 1804 sank.

785 1817 821 1840 15.
837 1815 988 1846 Galepsum]
1001 1814 1049 1845 vgl.
1062 1812 1180 1844 Thukyd.
1190 1815 1214 1844 5,
1226 1814 1255 1838 6:

748 1847 876 1879 Γαληψὸν
895 1847 923 1872 δὲ
937 1846 986 1877 τὴν
1001 1846 1113 1871 Θασίων
1129 1845 1257 1870 ἀποικίαν

748 1880 891 1915 λαμβάνεις
911 1881 1000 1907 Strabo
1012 1884 1035 1912 7,
1054 1880 1081 1904 [ι’.
1101 1881 1132 1905 35
1152 1888 1176 1912 p.
1193 1881 1255 1906 331:
