1367 2143
119 107 138 121 ι.
153 100 199 120 Chr.
217 106 236 120 n.
254 100 295 120 108.
455 91 545 116 LlBER
566 91 688 116 XXXXV.
724 91 794 116 CAP.
816 94 854 117 10.
1150 90 1187 120 21

119 178 190 208 toris
212 177 334 207 Romani
358 177 530 211 acerbitate,
558 178 651 216 qualis
675 177 703 207 in
727 187 758 206 se
782 177 909 207 universi
933 181 1052 206 senatus
1075 177 1190 207 animus

119 224 204 255 esset,
227 220 436 249 coniectarent.
473 220 502 249 C.
516 220 624 249 Decimi
641 219 817 249 moderatior
832 221 924 248 oratio
942 219 1004 254 suit,
1022 219 1070 258 qui
1086 219 1114 249 in
1128 220 1190 259 ple-

119 262 217 301 risque
233 271 351 296 eorum,
375 271 449 301 quae
465 266 687 292 commemorata
703 270 718 291 a
735 261 848 300 Popilio
865 266 979 297 essent,
997 262 1111 300 culpam
1129 272 1188 292 non

120 313 208 343 penes
233 304 392 343 populum,
416 305 465 333 sed
491 314 580 343 penes
604 313 713 343 paucos
736 304 900 333 concitores
924 304 998 342 volgi
1019 314 1083 334 esse
1099 304 1186 333 dixit:

118 356 168 376 eos
192 347 320 376 venalem
346 347 475 385 linguam
498 346 630 376 habentis
654 346 768 375 decreta
792 346 877 385 plena
902 346 997 384 regiae
1014 346 1188 376 adsentatio-

119 390 164 418 nis
191 389 294 418 secisse
321 393 348 418 et
371 398 418 418 eas
441 389 599 426 legationes
622 388 750 424 misisse,
775 397 898 427 quarum
922 388 1051 418 Rhodios
1073 398 1190 428 semper

120 441 177 461 non
195 431 291 461 minus
311 431 433 470 puderet
449 440 535 469 quam
551 430 720 469 paeniteret.
759 440 833 469 quae
849 431 956 466 omnia,
980 431 1003 460 si
1019 439 1089 460 sana
1107 441 1188 461 mens

119 474 228 512 populo
253 474 340 509 soret,
364 474 394 503 in
413 473 505 512 capita
523 473 676 502 noxiorum
692 482 820 502 versura.
859 482 924 502 cum
941 482 1047 511 magno
1064 474 1189 503 adsensu

117 516 233 546 auditus
249 521 290 545 est
307 525 366 545 non
383 515 474 553 magis
489 524 532 551 eo,
550 515 627 554 quod
645 515 861 546 multitudinem
879 524 953 545 noxa
966 515 1084 553 levabat,
1102 525 1188 554 quam

118 558 195 596 quod
219 558 334 596 culpam
355 558 384 587 in
409 563 543 587 auctores
567 562 698 587 verterat.
724 558 821 596 itaque
837 567 903 587 cum
921 558 1070 597 principes
1087 568 1189 588 eorum

118 600 255 629 Romanis
275 600 501 639 responderent,
527 609 710 639 nequaquam
728 605 784 630 tam
801 604 880 638 grata
897 601 988 629 oratio
1005 610 1107 630 eorum
1124 601 1188 637 suit,

116 643 176 680 qui,
193 651 266 680 qnae
279 641 409 680 Popilius
423 642 578 678 obiecerat,
595 642 706 672 diluere
724 647 883 681 utcumque
896 643 992 673 conati
1005 647 1083 678 sunt,
1101 652 1187 681 quam

116 693 231 719 eorum,
255 684 305 722 qui
323 684 451 713 Decimio
472 684 501 714 in
518 685 688 714 auctoribus
703 685 738 714 ad
755 685 901 724 piaculum
920 695 1011 715 noxae
1028 685 1188 715 obiciendis

115 726 228 756 adsensi
245 730 322 756 sunt.
361 726 510 756 decretum
528 727 617 764 igitur
632 727 787 766 extemplo,
804 731 851 762 ut,
876 728 925 766 qui
943 737 996 765 pro
1014 727 1121 757 Perseo
1138 728 1189 757 ad-

115 777 215 798 versus
232 768 377 798 Romanos
400 769 507 798 dixisse
530 769 598 808 quid
614 774 664 798 aut
680 770 784 799 fecisse
800 770 1061 804 convincerentur,
1086 770 1188 808 capitis

114 811 390 840 condemnarentur.
429 816 618 840 excesserunt
640 811 712 841 urbe
734 812 788 841 sub
810 812 964 841 adventum
989 812 1188 841 Romanorum

114 853 246 892 quidam,
269 853 316 883 alii
340 857 462 882 mortem
486 853 540 883 sihi
564 855 779 884 consciverunt.
818 854 902 892 iegati
922 863 981 883 non
1005 853 1079 883 ultra
1102 863 1189 892 quam

116 912 257 943 snmpanis
274 918 374 942 negare
386 911 467 935 ullam
481 919 545 939 esse:
566 919 622 936 man

115 945 180 970 kann
200 947 265 969 esset
286 945 392 969 nehmen
412 944 449 969 als
467 942 622 969 ‘vorhanden

115 976 182 1006 war’;
208 978 273 1003 doch
292 978 405 1003 vermisst
424 986 481 1003 man
501 979 548 1003 den
567 978 622 1004 Dat.

113 1014 150 1040 ei:
170 1012 256 1037 diesen
277 1011 329 1036 will
346 1012 439 1037 Harant
458 1012 541 1037 hinter
559 1014 623 1037 civi-

113 1048 167 1071 lale
185 1046 347 1071 einschieben
369 1045 430 1071 oder
456 1046 520 1071 noch
543 1046 622 1071 lieber

115 1080 159 1105 mit
178 1079 219 1105 Gr.
239 1088 297 1104 cum
317 1080 340 1104 in
361 1081 405 1104 eni
424 1080 594 1106 verwandeln.

150 1115 186 1139 10.
205 1122 256 1138 mm
274 1122 370 1146 pene-5.
383 1114 444 1138 ..τεά
459 1116 550 1146 penes]
570 1114 621 1146 vgl.

114 1149 137 1177 3,
159 1148 196 1178 19,
215 1150 242 1173 ⁴:
267 1156 320 1172 non
343 1150 372 1172 ut
392 1149 508 1172 1‘71,.se(l
533 1150 563 1172 ut
582 1149 621 1176 ιἠς

113 1189 144 1206 zu
160 1189 239 1213 penes
257 1182 310 1214 vgl.
330 1183 352 1212 2,
372 1183 412 1212 24,
426 1182 452 1206 2:
470 1190 550 1213 penes
568 1189 623 1206 eos-

114 1216 169 1240 clem
182 1234 188 1240 .
199 1234 204 1239 .
213 1223 293 1247 penes
306 1223 381 1247 qum-3
401 1223 432 1239 zu
452 1216 492 1245 35,
504 1217 544 1246 33,
556 1216 578 1240 3.
590 1230 622 1233 —

114 1251 268 1279 concitores]
288 1258 308 1274 s.
322 1251 362 1276 23,
376 1251 416 1280 41,
431 1250 458 1277 2;
473 1251 513 1280 37,
524 1251 564 1276 45.
579 1251 621 1277 17;

114 1291 156 1308 zur
175 1282 256 1308 sache
276 1292 295 1308 s.
315 1285 355 1313 44,
375 1284 415 1312 29,
435 1285 457 1308 7.

148 1319 186 1342 11.
201 1318 328 1347 venalem]
338 1314 479 1348 ‘k‘ziuflieh',
493 1317 515 1341 d.
528 1317 551 1341 Ιι.
566 1325 624 1341 vom

115 1350 196 1383 nfinig
215 1351 367 1379 bestochen;
387 1351 438 1382 vgl.
454 1352 494 1381 35,
505 1353 544 1377 50,
556 1353 579 1376 4.
591 1365 624 1368 -

113 1386 211 1416 reg-[ae]
238 1397 271 1405 =
296 1385 352 1409 dem
378 1385 429 1416 obj.
454 1384 514 1410 Gen.
540 1386 622 1416 regis:

114 1419 163 1450 vgt.
187 1420 210 1449 3,
230 1420 270 1448 42,
289 1420 315 1445 6;
335 1421 358 1447 3,
379 1420 419 1445 43.
439 1420 465 1443 2;
494 1419 623 1443 invidiam

113 1452 325 1481 άεερηιυίναίεηις
346 1453 386 1483 22,
397 1453 436 1481 26,
448 1454 461 1478 4
474 1461 496 1477 u.
511 1461 532 1477 a.
545 1467 574 1470 —
590 1453 624 1477 le-

110 1485 242 1519 gationvs]
268 1494 288 1511 S.
307 1488 348 1515 44,
369 1488 406 1515 14,
427 1488 450 1512 5,
470 1488 510 1512 35,
529 1489 555 1515 4;
582 1488 622 1517 45,

114 1522 135 1546 3.
147 1521 172 1550 3;
193 1520 236 1545 der
249 1519 316 1545 Plur.
330 1520 364 1545 ist
377 1521 513 1552 steigernd,
531 1520 561 1545 da
576 1528 622 1545 nur

114 1554 186 1579 eine
200 1553 397 1579 Gesandtschal't
415 1554 498 1579 dieser
516 1554 560 1579 Art
580 1555 623 1579 ab·

114 1595 245 1620 gegangen
265 1596 325 1612 war.
344 1602 376 1606 ——
392 1588 507 1620 puderet
523 1607 528 1612 .
541 1607 546 1613 .
560 1596 622 1620 pae-

114 1623 216 1652 niteret]
224 1618 239 1647 “,
248 1641 254 1646 .
264 1621 372 1647 bereuen
383 1619 510 1651 mfissten';
521 1622 572 1654 vgl.
582 1623 623 1654 44,

115 1657 154 1686 33,
173 1657 201 1681 ὃς
220 1656 303 1686 fieret.
323 1670 355 1673 —
374 1664 440 1680 sana
458 1658 538 1686 mens]
560 1664 579 1681 s.
598 1658 623 1687 9,

115 1691 137 1717 9,
151 1691 192 1714 12;
212 1691 236 1714 η’
251 1698 317 1714 sana
336 1697 409 1714 mens
421 1689 528 1719 fuisset:
549 1691 588 1721 23,
600 1692 622 1721 7,

114 1725 140 1752 4:
154 1724 194 1754 32,
205 1725 244 1753 21,
256 1725 301 1753 37;
317 1724 368 1755 vgl.
380 1725 402 1753 S,
415 1725 453 1750 27,
465 1726 493 1748 9;
508 1724 623 1749 tumultu

114 1759 192 1782 etiam
210 1765 289 1782 sanos
307 1760 494 1792 constetjnmzte
512 1760 622 1783 animo-v.

114 1790 234 1821 —s’oreej
253 1791 293 1816 bei
313 1791 398 1816 Livius
417 1799 481 1823 ganz
501 1792 624 1823 gewohn-

114 1824 164 1849 lich
182 1836 214 1845 =
233 1828 309 1854 esset:
329 1825 397 1850 steht
418 1825 472 1850 hier
489 1826 515 1850 in
534 1826 623 1850 futuri-

115 1858 199 1883 schem
210 1858 287 1884 Sinne
300 1860 345 1884 mit
359 1859 506 1891 Beziehung
519 1859 563 1884 aus
573 1859 621 1884 den

116 1892 177 1917 iiber
192 1892 231 1917 die
246 1892 397 1925 Bestrafung
409 1893 453 1918 der
467 1892 620 1926 Schuldigen

116 1933 146 1950 zu
166 1925 298 1951 fassenden
308 1926 453 1957 Beschluss3
473 1935 492 1952 S.
506 1928 544 1958 19,
555 1928 577 1953 6.
589 1942 621 1945 —

676 913 794 941 versut-u]
815 911 923 936 niimlich
942 920 983 940 ειη
1003 919 1022 936 s.
1037 920 1067 936 zu
1082 914 1102 942 1,
1113 913 1154 942 53,
1165 914 1187 937 6.

712 947 750 971 12.
769 953 821 969 non
836 947 922 976 magis
933 964 938 970 .
951 964 956 969 .
967 947 1055 977 quam]
1070 953 1089 970 s.
1103 953 1133 970 zu
1147 947 1188 977 39,

676 981 715 1009 52,
737 981 758 1003 ἵ.
779 993 810 996 -
829 987 902 1004 παι-(ι
914 998 919 1004 ,
932 998 937 1003 .
951 979 1064 1012 eulpam]
1086 979 1136 1012 vgl.
1156 988 1186 1004 zu

675 1015 698 1040 3.
717 1014 757 1041 42,
778 1014 800 1038 2.

711 1048 749 1073 13.
773 1048 909 1079 principes
928 1048 1027 1077 eor-mn]
1054 1046 1122 1072 kann
1142 1055 1188 1072 nur

675 1080 714 1105 die
733 1083 817 1105 ersten
837 1080 880 1105 der
894 1080 1004 1106 Rhodier
1023 1081 1186 1111 bezeichnen,

675 1115 744 1139 nicht
763 1114 803 1139 die
819 1116 957 1146 principes
975 1114 1018 1139 der
1037 1115 1131 1140 zuletzt
1145 1123 1188 1146 ge-

675 1150 786 1173 nannlen
804 1151 940 1177 auetores;
959 1148 1024 1173 doch
1038 1149 1071 1174 ist
1086 1149 1127 1174 die
1142 1149 1188 1174 Be-

675 1182 817 1213 zeichnung
830 1190 922 1206 eorum
933 1182 1023 1207 unklar
1036 1183 1086 1207 und
1097 1190 1187 1214 wegen

676 1215 719 1240 der
731 1216 907 1247 zweimaligen
919 1215 1118 1248 Wiederholung
1131 1217 1188 1242 des-

675 1250 763 1274 selben
771 1249 872 1274 Wortes
884 1250 917 1274 im
928 1250 1064 1281 folgenden
1077 1251 1188 1276 schwer-

675 1283 724 1308 lich
746 1283 784 1308 fiir
803 1283 894 1315 richtig
919 1291 949 1308 zu
974 1284 1068 1308 holten.
1105 1284 1186 1309 Wssb.

676 1319 801 1342 vermutet
816 1319 911 1342 anstatt
921 1317 1012 1342 dessen
1023 1317 1188 1342 Rhodiorum

676 1351 737 1376 oder
749 1352 892 1379 bonor-nnn
912 1350 996 1376 Pluss:
1015 1360 1141 1376 seorsum.
1154 1367 1187 1370 —

676 1387 827 1416 utcumque]
843 1382 881 1410 ‘so
895 1388 940 1416 gut
953 1392 980 1410 es
994 1386 1076 1417 gehen
1089 1386 1186 1415 wollte,

677 1419 721 1444 auf
738 1419 858 1450 jedwede
877 1417 980 1446 Weise':
1003 1427 1023 1444 s.
1044 1421 1084 1451 44,
1104 1422 1143 1449 36,
1164 1422 1186 1445 3.

676 1467 708 1471 -
722 1454 758 1477 ml
771 1453 918 1485 piae-ulma]
938 1461 957 1478 s.
978 1454 1017 1483 21,
1032 1455 1069 1481 10,
1084 1455 1124 1479 12:
1145 1454 1188 1478 de-

676 1487 789 1511 dendum
804 1506 809 1511 .
821 1507 826 1512 .
838 1487 873 1511 ad
886 1487 1024 1518 piaculum
1040 1489 1115 1519 rupti
1132 1488 1188 1517 foe-

675 1521 753 1545 deris.
777 1535 810 1539 —
835 1521 987 1551 obiciendis]
1015 1518 1184 1554 ‘preisgeben'

675 1555 784 1579 niimlich
798 1554 937 1583 Romania-2
957 1554 1049 1580 anders
1067 1555 1106 1580 als
1125 1555 1186 1580 kurz

675 1589 766 1614 vorher
785 1590 918 1613 obiecerat
935 1589 1053 1619 (nfimlich
1073 1591 1122 1618 iis).

712 1625 750 1648 1-1.
766 1630 819 1654 pro
836 1641 841 1647 .
859 1641 865 1647 .
883 1623 1016 1653 adversus]
1041 1631 1060 1648 s.
1081 1625 1121 1651 22,
1143 1625 1186 1652 10;

676 1658 716 1687 23,
735 1658 758 1683 S.
779 1658 806 1684 3:
828 1657 866 1686 24,
887 1659 926 1683 47,
947 1658 974 1685 ῖ;
994 1658 1035 1685 43,
1055 1659 1078 1687 3,
1099 1659 1112 1681 7
1127 1665 1186 1684 u.a.

676 1690 723 1715 Der
735 1690 868 1715 Beschluss
882 1690 943 1715 wird
957 1691 1072 1722 sogleich
1085 1691 1186 1723 gefafst,

677 1725 725 1748 wie
745 1726 784 1754 24,
805 1726 845 1755 25,
867 1726 904 1749 10.
918 1739 950 1742 -
967 1724 1060 1754 fecisse
1079 1728 1186 1750 convin-

676 1759 809 1788 cerentur]
825 1758 894 1782 diese
910 1759 1070 1791 ρει-5611110119
1083 1759 1185 1785 Konstr.

675 1799 722 1816 nur
733 1792 786 1816 hier
797 1792 836 1816 bei
848 1791 946 1821 Livius;
958 1793 1009 1824 vgl.
1021 1793 1087 1819 Curt.
1097 1795 1150 1824 9,S,
1159 1794 1186 1822 9;

675 1825 751 1858 Nipp.
766 1833 796 1850 zu
807 1825 866 1850 Tac.
878 1826 942 1851 Ann.
956 1828 994 1856 13,
1006 1828 1051 1855 23;
1066 1835 1096 1852 zu
1108 1827 1133 1853 L.
1145 1829 1185 1857 43,

675 1861 698 1889 2,
712 1861 749 1884 10.
761 1874 788 1877 -
802 1861 849 1884 snb
862 1860 1015 1891 adventum]
1029 1869 1048 1886 s,
1060 1862 1099 1886 23.
1113 1863 1151 1890 15,
1165 1863 1186 1886 1.

675 1907 707 1912 —
725 1894 842 1925 quidam,
861 1894 917 1924 aliz]
937 1895 988 1926 vgl.
1011 1897 1032 1923 1,
1047 1897 1086 1926 54,
1098 1898 1124 1924 b,
1146 1896 1186 1926 37,

675 1930 714 1955 20,
735 1930 762 1954 ὃς
782 1929 822 1952 41.
842 1928 881 1958 20,
901 1930 924 1954 4.

1215 225 1241 249 10

1214 352 1239 376 11

1214 564 1239 587 13

1214 733 1239 756 14

1213 859 1240 883 15
