1367 2143
66 122 84 137 ι.
94 115 141 137 chr.
153 121 174 136 n.
184 115 227 136 168.

392 107 484 133 LIBER
504 107 644 133 xxxxlffl.
681 107 750 133 CAP.
770 108 810 133 3¹1.
1078 105 1135 136 149

149 192 270 222 Postero
293 193 340 223 die
355 211 395 214 —
417 197 514 223 tantus
538 193 656 232 utrique
679 192 766 222 ardor
789 192 930 222 exercitui
953 192 987 222 ad
1011 201 1137 222 concur·
1157 198 1182 222 ιο

65 235 187 266 rendum
204 235 314 271 fuerat,
340 239 371 265 ut
387 240 415 265 et
430 245 528 274 regem
545 241 573 265 et
589 235 740 265 consulem
762 243 884 264 suorum
901 234 1034 273 quidam,
1059 235 1137 274 quod

64 277 128 308 sine
143 277 256 317 proelio
273 278 434 308 discessum
451 282 536 313 esset,
560 281 733 307 accusarent
748 294 788 298 —
806 277 866 315 regi
884 281 1019 316 prompta
1035 277 1138 307 desen·

65 320 107 350 sio
132 324 193 350 erat
209 329 268 350 non
293 329 326 349 eo
344 321 455 355 solum,
480 321 558 359 quod
581 320 673 349 hostis
695 320 792 359 prior,
816 323 916 358 aperte
940 328 1070 358 pugnam
1087 320 1136 350 de·
1155 326 1180 350 tt

64 366 206 397 tractans,
229 363 258 392 in
284 367 375 392 castra
400 363 499 402 copias
521 363 701 398 reduxisset,
728 362 778 392 sed
802 362 887 391 etiam
912 362 990 400 quod
1014 371 1047 391 co
1072 362 1137 391 loco

64 405 146 443 signa
171 405 381 442 constituisset,
406 415 464 444 quo
488 405 624 444 phalanx,
648 414 734 443 quam
759 405 891 434 inutilem
915 404 959 433 vel
983 404 1137 434 mediocris

63 446 203 485 iniquitas
219 447 274 477 loci
288 448 426 482 efiiceret,
444 447 610 487 promoveri
624 456 683 477 nou
699 452 809 495 posset.
835 446 940 476 consul
952 446 986 475 ad
1003 446 1042 483 id,
1059 447 1137 485 quod
1155 453 1182 477 12

61 489 157 529 pridie
180 490 413 537 praetermisisse
435 490 586 529 pugnandi
611 490 794 519 occasionem
814 488 966 518 videbatur
989 493 1016 518 et
1039 488 1138 519 locum

62 531 176 561 dedisse
195 532 282 567 hosti,
299 533 322 562 si
342 537 428 562 nocte
446 532 526 562 abire
542 532 637 568 vellet,
654 537 726 561 tunc
737 541 856 570 quoque
869 540 923 570 per
939 531 1066 570 speciem
1084 531 1138 560 im-

61 574 190 603 molandi
207 579 302 604 terere
314 574 464 604 videbatur
480 580 606 614 tempus,
624 584 689 604 cum
702 574 767 604 luce
780 575 873 613 prima
888 573 922 604 ad
939 574 1056 611 signum
1069 583 1138 612 pro-

60 616 188 655 positum
206 626 323 656 pugnae
340 618 506 647 exeundum
529 617 559 647 in
575 617 667 647 aciem
686 617 798 647 fuisset.
832 617 916 646 tertia
933 616 1049 645 demum
1066 616 1139 646 heia

62 659 207 688 sacrificio
224 659 279 689 rite
296 664 464 698 perpetrato
480 660 514 689 ad
532 659 687 689 consilium
705 659 815 688 vocavit
831 664 918 698 atque
934 658 983 693 ibi,
1001 658 1079 697 quod
1096 659 1138 688 rei

63 701 207 740 gerendae
231 706 348 740 tempus
372 708 466 738 esset,
494 702 642 741 loquendo
665 706 694 731 et
716 701 920 740 intempestive
944 700 1138 731 consultando

63 743 214 773 videbatur
231 744 405 783 quibusdam
423 745 584 774 extrahere.
604 755 619 772 *
634 755 648 772 ια
667 753 820 774 sermones
838 749 934 774 tamen
953 743 1057 773 consul
1074 752 1138 773 ora-

60 786 171 815 tionem
187 786 297 816 habuit.

99 855 138 878 10.
147 853 249 883 suerat]
256 852 334 877 damit
342 853 415 877 weist
422 852 465 878 der
471 852 575 878 Schrift-

61 886 148 911 stellet
158 887 202 911 auf
213 888 255 917 36,
266 887 280 912 3
299 886 403 912 zui-fick.
413 901 446 905 —
457 887 557 912 ardor.
570 907 575 912 .

62 921 98 945 ad
107 921 331 951 concurrendum]
342 928 362 946 s.
374 922 415 952 36,
425 922 448 946 3.
459 935 492 939 —
503 924 532 944 ul
544 940 548 944 .
559 922 576 952 .]

61 954 101 979 die
120 954 197 987 Fulge
215 954 260 979 der
279 954 343 979 noch
363 954 506 979 dauernden
525 955 574 979 Un-

60 988 251 1014 zusriedenheit.
271 988 365 1013 Harant
376 991 514 1013 vei-mutet:
527 996 574 1020 po-

59 1025 130 1046 stero
151 1022 194 1046 die
212 1023 313 1053 (tantus
331 1041 337 1047 .
350 1041 356 1047 .
370 1021 488 1054 fuerat),
515 1030 574 1047 cum

60 1059 86 1081 ee
103 1064 191 1088 regem
202 1074 209 1080 .
219 1075 225 1080 .
243 1059 409 1085 accusarent,
428 1058 488 1088 regi
498 1076 503 1081 .
516 1075 522 1081 .

97 1092 135 1115 11.
155 1091 183 1114 in
209 1092 315 1115 castr-a
329 1109 334 1115 .
353 1090 512 1121 reduaeissee]
541 1090 574 1115 ist

60 1123 99 1148 ein
129 1131 275 1156 ungenauer
299 1123 447 1153 Ausdruck,
475 1124 505 1148 da
529 1123 574 1149 das

59 1157 141 1190 Lager
159 1161 210 1183 erst
223 1158 418 1190 ausgeschlagen
432 1158 527 1183 wurde
542 1172 572 1176 —

62 1199 91 1217 eo
111 1192 185 1217 Ioco.
196 1193 212 1222 .]
232 1192 361 1232 dagegen
362 1191 429 1217 Plut.
446 1194 489 1217 16:
510 1188 523 1216 ὁ
544 1191 573 1216 δὲ

60 1223 144 1252 τόπος
162 1225 206 1249 καὶ
225 1225 320 1250 πεδίον
344 1235 378 1255 ην
396 1234 426 1259 τῃ
447 1225 573 1266 φάλαγγι

59 1258 166 1291 βάσεως
184 1258 312 1284 ἐπιπέδου
325 1261 369 1283 καὶ
379 1259 493 1292 χωρίων
507 1258 573 1292 ὁμα-

59 1293 114 1318 λῶν
139 1293 251 1327 δεομένῃ
277 1292 321 1317 καὶ
345 1293 430 1326 λόφοι
455 1295 574 1326 σινεχεῖς

79 1329 156 1354 ,τοῖς
179 1325 379 1367 γιανητειόυσι
407 1327 451 1352 καὶ
484 1328 574 1359 ψιλοῖς

61 1370 209 1394 αναφυγιις
220 1360 264 1386 καὶ
275 1360 471 1394 περιδροιιὰς”
457 1370 572 1395 exortes:

61 1410 94 1414 —
119 1396 245 1427 efficeret]
271 1403 290 1421 s.
316 1404 346 1420 zu
371 1397 394 1427 2,
418 1398 458 1427 60,
477 1398 505 1425 4-
530 1404 574 1421 zur

62 1428 142 1454 Sache
160 1429 212 1462 vgl.
233 1432 274 1461 33,
293 1431 316 1460 9,
340 1432 377 1455 10.

98 1464 135 1489 12.
161 1464 266 1495 consul]
293 1464 351 1488 weil
376 1463 416 1488 die
442 1463 575 1489 Vorwfirse

63 1504 144 1530 gegen
173 1497 220 1522 den
246 1497 340 1523 Konsul
368 1498 457 1522 weiter
484 1505 576 1530 ausge-

63 1531 131 1556 sahi-t
142 1531 252 1561 werden,
271 1532 304 1556 ist
315 1532 384 1556 nicht
403 1532 426 1555 in
439 1532 507 1557 einer
517 1532 574 1556 dem

62 1567 122 1596 regi
139 1566 356 1598 entsprechenden
366 1566 491 1590 Satzform
505 1568 576 1597 (corz-

62 1599 130 1624 sult'.
143 1602 159 1630 .)
179 1599 349 1632 sortgesahren
368 1599 524 1624 worden.—
541 1600 577 1624 ad

62 1633 98 1663 id,
115 1633 195 1665 quad]
208 1646 241 1655 =
251 1636 438 1666 praeterquam
450 1634 534 1665 quod;
554 1642 575 1659 s.

63 1674 92 1691 zu
112 1668 135 1698 3,
145 1668 186 1699 62,
201 1669 220 1693 l.
238 1682 271 1686 —
292 1670 355 1692 lunc
374 1669 485 1700 quoque]
505 1675 524 1693 s.
544 1676 575 1692 zu

66 1701 105 1731 38,
114 1702 155 1731 41,
167 1703 205 1727 12.
216 1716 247 1719 —
260 1702 425 1732 immolandi]
439 1703 488 1726 und
500 1703 515 1734 ξ
530 1704 574 1727 13:

64 1736 197 1764 sacrificio
217 1737 268 1760 rite
286 1740 440 1768 pet-pestana
460 1736 574 1761 bezeich-

65 1770 108 1792 net
130 1769 175 1794 das
199 1769 275 1802 Opser
302 1777 348 1794 vor
373 1769 417 1794 der
440 1769 573 1799 Schlacht3

66 1800 189 1828 Plut.17:
208 1803 265 1836 ἅμα
285 1801 312 1827 δ’
334 1801 421 1836 ἧιιὲριι
441 1804 478 1836 τῷ
492 1801 573 1836 Ἡρα-

66 1834 120 1859 κλεῖ
136 1837 189 1867 (der
208 1837 345 1862 besouders
364 1838 389 1862 in
408 1827 573 1862 Macedonien

68 1869 166 1894 vei-ehu
184 1871 284 1902 wurde,
304 1871 355 1896 und
378 1879 428 1896 von
453 1871 509 1896 dem
534 1872 574 1896 die

68 1901 163 1935 Konige
184 1904 228 1930 des
246 1905 343 1930 Landes
366 1905 405 1930 ihr
423 1905 574 1931 Geschlecht

68 1935 223 1970 herleiteten)
251 1941 338 1970 *2⁰sz
342 1940 396 1964 τῶι
427 1937 473 1964 σι”κ
501 1938 574 1964 ἐκαλ-

628 852 713 892 λιὲρει
719 852 815 886 μέχρις
828 851 925 877 εἴκοσι·
945 854 982 877 τῶ
997 852 1025 877 δὲ
1038 851 1139 885 πρώτῳ

627 895 671 910 utet
690 885 804 918 ξῖκοσῖῳ
822 888 913 919 παρῆν
932 885 965 911 Τὰ
985 888 1090 919 σηυξῖα-
1107 901 1140 904 -

628 928 704 946 υιιηι.
716 921 845 960 .fuisset]
856 921 946 954 gehfirt
965 929 994 945 zu
1009 909 1140 945 demVor-

628 954 818 987 hergehenden:
838 951 967 980 ‘wahrend
987 952 1070 983 doch‘;
1089 955 1141 979 An—

627 988 693 1013 sicht
712 988 796 1020 deret,
819 989 933 1014 welchen
954 996 980 1013 er
999 991 1083 1012 terere
1102 991 1140 1012 υἱ-

628 1022 741 1047 debatur
752 1026 859 1055 tempus.
870 1037 903 1041 —
914 1023 953 1047 ad
961 1030 1067 1054 signum
1076 1030 1139 1054 pro—

625 1058 742 1089 positum
751 1065 804 1088 pu
793 1065 877 1082 ‘Quae
889 1056 979 1088 .]ku1·z
998 1059 1060 1081 statt
1079 1064 1138 1080 cum

627 1110 632 1115 .
650 1092 778 1122 ‚signum
802 1091 1042 1123 proponendum..
1060 1093 1139 1122 alque

626 1124 795 1150 exeundum.
808 1125 934 1154 .f'';u1sset
953 1125 1040 1157 νς1,2
1027 1125 1067 1155 ..2,
1078 1125 1103 1155 3
1113 1126 1138 1149 9.

626 1160 666 1189 45,
687 1158 1138 1190 5u.a.;1'1beradvg.,1627‚9;

626 1193 666 1223 2-1,
686 1194 710 1223 8,
731 1194 774 1221 19;
794 1200 824 1217 zu
844 1194 868 1224 2,
882 1194 905 1224 8,
919 1194 942 1218 8.
971 1192 1014 1217 Die
1033 1192 1138 1217 Hdschr.

626 1226 680 1250 hat:
705 1228 812 1258 signum
836 1228 892 1257 (aus
918 1228 1036 1259 signasm
1060 1226 1139 1251 korri-

627 1260 701 1292 giert)
719 1262 887 1292 propositum
909 1269 1017 1292 pugnae
1041 1261 1077 1285 ad
1095 1268 1139 1284 ez-

627 1295 756 1325 eundum,
777 1295 858 1319 wossir
876 1294 927 1327 Mg.
945 1296 1022 1326 signo
1040 1302 1139 1326 propo-

627 1329 677 1352 sito
705 1336 815 1360 pugnae
842 1329 993 1353 exeundum
1021 1328 1138 1353 schreibt.

627 1377 660 1380 -
679 1364 772 1393 aciem]
793 1363 857 1388 nach
874 1370 996 1395 pugnam
1017 1370 1037 1387 s.
1057 1370 1088 1387 zu
1099 1364 1139 1391 30,

628 1398 668 1426 35,
686 1398 710 1421 4.

665 1432 702 1455 13.
729 1430 765 1454 ad
789 1430 928 1454 consilium
953 1429 1067 1463 vocavit]
1091 1430 1139 1454 wie

628 1466 655 1488 in
668 1467 798 1494 sonulam,
818 1466 845 1488 ιή
862 1466 1012 1489 contionem
1031 1472 1139 1492 vocare;

627 1506 647 1523 S.
667 1499 708 1530 23,
728 1499 769 1528 32,
788 1499 817 1527 3;
843 1499 884 1529 24,
910 1499 951 1527 28,
973 1500 993 1524 1.
1012 1512 1046 1517 -·
1065 1497 1138 1530 esset]

628 1532 691 1556 nach
717 1532 761 1556 der
779 1532 886 1557 Ansicht
911 1532 954 1557 der
976 1531 1141 1557 Unzufriede—

628 1574 691 1597 nen,
716 1566 765 1590 wie
790 1567 805 1597 ξ
828 1568 866 1591 12.
887 1581 919 1583 -
945 1566 1094 1596 videbatur]
1114 1566 1139 1590 in

628 1599 722 1624 kurzen
742 1599 979 1625 Zwischenraumen
1003 1608 1059 1624 zum
1079 1600 1140 1624 drit—

629 1638 670 1659 ten
681 1633 754 1658 Male.
765 1648 798 1652 —
810 1635 906 1664 tamen]
926 1634 956 1658 da
968 1641 994 1658 es
1005 1634 1073 1658 nicht
1085 1633 1139 1658 klar

628 1668 668 1697 ist,
690 1667 785 1692 welche
797 1667 933 1700 Wendung
948 1667 988 1692 die
998 1667 1140 1700 Erzahlung

628 1710 673 1726 vor
701 1701 762 1726 oder
795 1702 858 1726 nach
887 1710 1018 1726 sermones
1045 1701 1140 1734 gehabt

628 1735 679 1765 hat,
699 1744 726 1760 so
745 1735 805 1760 lasst
818 1736 871 1760 sich
892 1735 961 1760 nicht
980 1736 1138 1766 bestimmen,

627 1770 659 1794 ob
680 1773 766 1794 lamen
786 1769 912 1801 unrichtig
926 1769 975 1794 und
989 1769 1060 1794 datur
1070 1770 1139 1794 lianc

628 1804 689 1834 (Gr.)
709 1803 770 1828 oder
789 1804 866 1828 talem
886 1803 977 1835 (Roell)
997 1803 1058 1828 oder
1083 1807 1138 1827 lum

627 1846 683 1861 eam
703 1837 818 1869 (Harant)
837 1845 867 1862 zu
886 1838 955 1863 lesen
974 1838 1018 1862 sei.
1030 1852 1061 1855 —
1079 1837 1138 1862 Plu-

628 1871 697 1896 tarch
717 1872 759 1896 hat
778 1871 818 1896 die
830 1871 897 1897 Rede
917 1871 985 1896 nicht
999 1871 1049 1896 und
1060 1872 1139 1904 gicht,

626 1906 663 1930 als
689 1906 720 1930 ob
746 1906 867 1931 Aemilius
895 1906 1068 1931 entschlossen
1095 1914 1137 1937 ge-

627 1947 712 1965 wesen
732 1942 800 1964 ware
816 1940 894 1965 sehon
914 1948 945 1965 an
959 1939 1053 1965 diesem
1068 1939 1137 1972 Tage

1157 622 1184 646 13
