1367 2143
539 109 595 134 LlB.
615 109 692 134 xvnl
702 109 782 136 -ΧΧ,
1136 107 1193 137 133

124 195 252 225 bostium
281 200 307 225 et
332 200 451 225 centum
476 195 575 234 viginti
601 195 764 235 elephantis
791 195 820 224 in
849 204 882 224 eo
907 195 1010 226 ductis.
1056 196 1194 227 Claudius

124 238 249 268 Pulcher
267 238 370 268 consul
389 243 491 268 contra
509 238 637 277 auspicia
655 238 805 277 profectus
821 238 901 267 iussit
916 239 1006 277 mergi
1021 239 1127 278 pullos,
1144 240 1193 278 qui

123 280 211 310 cibari
225 281 381 316 nolebant3
396 280 550 310 infeliciter
561 280 698 310 adversus
707 280 962 319 Carthaginienses
977 281 1067 311 classe
1082 291 1193 321 pugna-

123 323 161 352 vit
184 327 211 353 et
236 328 389 353 revocatus
412 333 425 352 a
444 328 545 352 senatu
563 323 719 361 iussusque
735 322 905 352 dictatorem
929 323 1025 353 (licere
1042 324 1194 354 Claudium

125 365 247 395 Gliciam
264 366 349 398 dixit.
375 366 461 395 sortis
477 365 596 395 ultimae.
612 365 778 400 bominem,
802 365 850 404 qui
876 370 994 395 coactus
1015 365 1148 396 abdicar'e
1165 376 1195 396 se

123 408 292 446 magistratu
310 412 408 447 postea
431 408 515 437 ludos
538 412 735 446 praetextatus
760 408 908 446 spectavit.
944 409 976 437 Α.
993 408 1096 438 Atilius
1113 409 1194 439 Cala-

123 451 201 480 tinus
218 451 329 490 primus
345 450 469 480 dictator
485 454 562 479 extra
579 449 689 479 Italiam
707 450 865 479 exercitum
883 450 972 480 duxit.
1003 452 1192 481 commutatio

125 493 306 532 captivorum
323 502 388 522 curn
406 492 513 522 Poenis
530 492 601 521 sacta
619 496 672 521 est.
696 492 827 522 coloniae
844 493 985 523 deductae
1002 499 1069 523 sunt
1086 494 1192 533 Frege-

124 545 192 571 nae,
220 536 248 565 in
266 544 335 574 agro
353 535 513 564 Sallentino
532 534 727 564 Brundisium.
762 535 885 565 lustrum
903 545 917 565 a
935 536 1105 566 censoribus
1123 546 1194 566 eon—

123 578 213 607 ditum
231 583 288 614 est;
314 586 399 607 censa
422 582 491 606 sunt
513 577 617 606 civium
641 577 734 616 capita
750 577 875 608 ducenta
894 579 1084 617 quadraginta
1102 588 1193 608 unum

122 620 200 649 inilia
222 620 345 649 ducenta
370 619 532 649 duodecim.
579 619 711 655 Claudia,
739 629 823 649 soror
845 620 875 649 P.
901 621 1015 657 Claudi,
1045 622 1093 660 qui
1121 631 1194 651 con-

123 662 239 702 temptis
255 662 392 701 auspiciis
409 662 482 691 male
499 667 694 701 pugnaverat,
718 672 733 691 a
757 662 832 692 ludis
855 669 1004 693 revertens
1027 673 1092 693 cum
1110 664 1192 693 turba

122 709 318 744 premeretur,
335 704 419 733 dixit:
435 701 558 734 ‘utinam
572 704 659 734 frater
676 714 758 734 meus
775 705 878 735 viveret
901 712 925 735 et
946 706 1049 735 iterum
1074 706 1195 736 classem

121 744 271 777 duceretl'
296 746 332 776 ob
350 756 411 776 eain
429 756 543 776 eausam
562 747 649 776 multa
667 748 691 776 ei
709 747 783 776 dicta
801 754 852 777 est.
881 749 938 777 duo
956 754 1107 787 praetores
1124 755 1194 779 tune

121 789 434 828 primumcreatisunt.
460 789 1193 829 CaeciliusMetelluspontisexniaxiinusA.Postu-

121 832 210 861 mium
228 832 395 866 consulem,
413 832 550 871 quoniam
569 832 643 861 idem
663 838 691 861 et
708 833 811 862 flamen
831 833 969 863 Martialis
986 839 1063 869 erat,
1088 843 1153 863 cum
1171 835 1194 863 is

121 874 154 904 ad
172 874 279 904 bellum
297 874 457 912 gerendum
477 874 621 913 proficisci
639 874 740 910 vellet,
766 875 794 904 in
821 875 893 905 urbe
910 876 1001 905 tenuit
1021 886 1074 906 nec
1091 886 1194 916 passus

121 921 162 946 est
179 926 194 946 a
210 917 300 947 sacris
315 916 460 946 recedere.
496 916 583 946 rebus
599 917 736 946 adversus
753 917 868 947 Poenos
883 928 897 947 a
916 918 1049 957 pluribus
1066 919 1194 949 ducibus

121 969 260 998 prospere
284 959 373 997 gestis
396 968 539 988 suminam
564 959 699 988 victoriae
725 959 755 989 C.
779 958 912 990 Lutatius
937 961 1039 991 consul
1062 962 1134 991 victa
1160 962 1193 991 ad

120 1003 244 1039 Aegates
261 1001 369 1031 insulas
386 1001 477 1031 classe
494 1001 660 1031 Poenorum
678 1002 827 1041 imposuit.
858 1003 1028 1042 petentibus
1044 1004 1194 1043 Cartbagi-

120 1044 272 1073 niensibus
295 1053 348 1083 pax
373 1044 436 1073 data
459 1048 511 1073 est.
546 1053 612 1073 cuin
631 1044 770 1083 templum
787 1045 890 1074 Vestae
907 1047 1034 1081 arderet,
1052 1046 1194 1076 Caecilius

120 1086 252 1116 Metellus
268 1087 399 1125 pontifex
416 1086 558 1115 maximus
575 1096 608 1116 ex
627 1087 762 1116 incendio
780 1097 859 1117 sacra
877 1089 983 1127 rapuit.
1011 1089 1084 1118 duae
1100 1089 1194 1119 tribus

119 1129 245 1158 adiectae
261 1133 339 1163 sunt,
357 1128 456 1158 Velina
474 1134 499 1158 et
517 1128 648 1163 Quirina.

191 1188 226 1211 11.
246 1188 272 1210 in
287 1188 364 1217 agro]
378 1186 441 1211 narb
456 1186 503 1211 den
518 1186 634 1215 lldsrlir.;
648 1187 727 1212 Jahn:
741 1190 765 1211 et
778 1190 804 1212 ιή
819 1197 894 1220 agro.
906 1204 937 1206 —
953 1190 988 1214 12.
1001 1189 1191 1220 qnadraginlal

119 1219 191 1245 dal't‘lr
210 1223 333 1245 vermutet
355 1220 461 1245 Belorli:
480 1223 632 1251 semagr’rzta.
652 1236 684 1239 Q
706 1224 743 1247 15.
763 1224 796 1252 et]
817 1223 946 1255 eingesiigt
968 1223 1030 1247 uach
1051 1223 1100 1255 Mg.

205 1282 274 1316 *10)
292 1279 382 1310 Tertii
396 1280 455 1309 ludi
469 1281 656 1318 tsaeculares)
668 1282 797 1317 suerunt,
811 1283 928 1312 Antiate
938 1283 1078 1323 Livioque
1091 1290 1192 1314 aucto-

119 1322 215 1358 ribus,
239 1322 270 1351 P.
289 1321 407 1352 Claudio
425 1322 551 1352 Pulcliro
569 1324 600 1352 L.
618 1324 702 1353 Iunio
720 1324 804 1354 Pullo
828 1325 1008 1355 consulibus.
1045 1327 1191 1357 Censorin.

121 1365 151 1394 de
168 1365 211 1394 die
228 1370 286 1394 nat.
309 1367 354 1400 17,
368 1375 396 1404 p.
415 1367 464 1401 47,
483 1368 498 1396 7
519 1366 552 1394 O.
570 1366 650 1396 Ialm.

205 1422 237 1453 ξἸ
250 1426 276 1460 1)
294 1424 369 1453 Hinc
386 1425 440 1454 iam
459 1425 601 1464 optimum
619 1425 802 1463 significatur
817 1427 982 1465 augurium,
999 1429 1076 1467 quod
1091 1438 1192 1468 pasce·

120 1466 204 1502 bant3
231 1475 288 1496 non
306 1466 430 1496 Romani
455 1468 545 1496 moris
570 1468 623 1497 suit
646 1472 673 1497 et
690 1468 717 1497 in
737 1469 861 1498 comitiis
883 1470 1003 1508 agendis
1019 1471 1090 1500 etin
1109 1471 1192 1501 bellis

119 1509 255 1547 gerendis
272 1509 393 1548 pullaria
411 1514 527 1549 captare
543 1510 674 1548 auguria.
710 1511 788 1540 unde
805 1516 849 1541 est
864 1512 893 1541 in
912 1512 1002 1548 Livio,
1020 1515 1107 1552 quod,
1125 1523 1191 1543 cum

121 1551 238 1590 quidam
256 1551 379 1590 cupidus
396 1552 464 1581 belli
482 1553 601 1590 gerendi
618 1562 632 1582 a
650 1552 768 1582 tribuno
786 1554 880 1592 plebis
896 1560 1055 1591 arceretur,
1073 1566 1109 1585 ne
1127 1556 1191 1591 iret⁷

120 1593 217 1633 pullos
234 1594 316 1623 iussit
329 1595 445 1624 adferri.
471 1595 520 1634 qui
534 1604 599 1624 cum
613 1595 714 1625 missas
731 1605 790 1625 non
805 1597 923 1626 ederent
940 1598 1049 1636 fruges,
1067 1599 1192 1628 irridens

119 1636 223 1666 consul
240 1636 394 1674 augurium
412 1637 449 1666 ait
463 1634 519 1666 ‘vel
537 1635 645 1667 bibant'
664 1643 691 1667 et
708 1647 757 1667 eos
781 1639 809 1667 in
827 1639 955 1669 Tiberim
979 1641 1190 1680 praecipitavit.

120 1679 186 1708 inde
211 1679 332 1709 navibus
354 1680 387 1708 ad
406 1680 530 1709 Africam
555 1680 677 1710 tendens
700 1681 727 1709 in
752 1681 824 1710 mari
849 1691 914 1711 cum
938 1683 1090 1720 omnibus,
1118 1693 1192 1723 quos

119 1721 253 1757 ducebat⁷
270 1721 415 1752 extinctus
432 1727 483 1752 est.
508 1721 588 1752 Serv.
605 1723 642 1752 acl
663 1722 740 1762 l'erq.
758 1724 826 1753 Aen.
843 1724 878 1753 Vl
901 1725 967 1755 198.

584 1806 649 1831 LlB.
670 1806 722 1832 XX.

204 1857 343 1878 reniocna
359 1858 415 1878 Lm.
432 1859 477 1878 xx.
501 1849 604 1879 Falisci
622 1860 687 1880 cum
705 1850 907 1887 rebellassent,
923 1857 1003 1882 sexto
1021 1852 1066 1881 die
1083 1853 1189 1891 perdo-

121 1890 180 1919 miti
206 1890 235 1919 in
263 1891 439 1921 deditionem
470 1898 622 1922 venerunt.
662 1893 824 1932 Spoletium
848 1894 963 1923 colonia
987 1895 1109 1924 deducta
1137 1901 1188 1925 est.

120 1933 256 1962 adversus
272 1933 394 1971 Ligures
412 1939 481 1964 tunc
498 1935 624 1974 primum
644 1936 787 1965 exercitus
803 1941 955 1975 promotus
972 1942 1023 1967 est.
1063 1937 1143 1967 Sardi
1162 1944 1188 1967 et

1219 497 1245 522 10

1220 710 1246 734 15

1217 924 1245 948 20

1218 1136 1246 1160 25
