1367 2143
506 99 561 125 ΜΒ.
581 99 781 126 CXIIII—CXVI.
1120 99 1178 128 179

110 185 186 214 iuter
208 194 299 223 quOS,
329 190 360 214 ut
385 195 490 224 parcus
515 185 624 224 patriae
647 185 843 224 appellaretur
867 190 894 214 ct
919 192 1122 216 sacrosanctus
1145 197 1178 216 ac

108 227 231 256 dictator
247 227 276 256 in
295 233 469 266 perpetuum
487 233 571 263 esset,
589 227 712 256 invidiae
729 227 865 257 adversus
882 237 947 257 eum
965 237 1080 258 causam
1094 238 1176 268 prae-

107 270 222 303 stitere,
245 275 273 298 et
289 271 367 308 quod
384 270 497 299 senatui
513 269 656 299 deserenti
673 270 726 299 hos
742 270 885 305 honores,
908 280 973 300 cum
997 276 1063 301 ante
1079 271 1178 301 aedem

109 311 227 341 Veneris
243 312 406 342 Genetricis
421 313 544 347 sederet,
561 322 621 341 non
638 312 809 346 adsurrexit,
826 318 853 341 et
870 314 947 351 quod
963 324 980 343 α
997 313 1033 342 Μ.
1048 314 1175 343 Antonio

107 354 238 389 consule=
256 354 365 393 collega
383 364 446 389 suo,
463 355 539 384 iuter
556 354 704 393 Lupercos
721 360 856 384 currente
872 355 1001 385 diadema
1019 356 1105 394 capiti
1122 366 1176 386 suo

107 397 267 436 inpositum
286 397 313 425 iu
331 397 399 426 sella
416 397 562 436 reposuit,
587 402 615 426 et
640 397 717 435 quod
734 397 838 435 Epidio
855 397 977 427 Marullo
1002 403 1028 427 et
1046 398 1175 428 Caesetio

107 439 192 468 Flavo
223 439 347 469 tribunis
374 439 467 479 plebis
491 439 626 468 invidiam
654 439 679 468 ei
703 444 848 478 tamquam
873 449 995 478 regnum
1019 441 1175 470 adfectanti

107 482 282 511 moventibus
299 486 427 521 potestas
443 482 578 519 abrogata
596 486 648 510 est.
683 491 716 510 ex
733 481 778 510 his
801 482 894 511 causis
911 483 1130 522 conspiratione
1146 484 1175 513 in

106 533 172 553 eum
195 524 283 559 sacta,
307 524 390 553 cuius
413 524 507 562 capita
529 524 648 553 suerunt
670 523 706 552 M.
724 523 832 553 Brutus
855 529 882 553 et
905 524 935 554 C.
953 524 1070 554 Cassius
1092 531 1120 555 et
1142 535 1176 555 ex

106 566 236 596 Caesaris
260 566 391 605 partibus
414 566 446 595 D.
465 566 571 595 Brutus
594 571 621 594 et
648 565 677 595 C.
695 565 875 603 Trebonius,
899 567 927 596 in
952 567 1072 607 Pompei
1096 568 1175 598 curia

104 609 219 638 occisus
241 613 284 637 est
315 608 414 646 viginti
439 608 532 638 tribus
564 607 734 637 vulneribus
763 615 998 648 occupatumque
1025 610 1060 639 ab
1084 610 1174 640 inter-

105 650 264 680 rectoribus
279 651 342 680 eius
357 651 542 690 Capitolium.
571 650 717 679 oblivione
731 650 835 680 deinde
852 652 947 682 caedis
962 652 1025 682 eius
1040 662 1055 682 a
1071 659 1174 682 senatu

103 694 228 727 decreta,
252 692 402 722 obsidibus
419 693 529 722 Antoni
551 698 579 722 et
596 692 698 732 Lepidi
719 692 819 722 liberis
842 695 970 732 acceptis
994 695 1137 725 coniurati
1160 706 1175 725 a

103 735 246 774 Capitolio
263 735 486 765 descenderunt.
519 740 691 764 testamento
709 734 840 766 Caesaris
862 737 947 766 heres
970 746 1004 766 ex
1027 742 1108 776 parte
1131 738 1174 767 di-

102 778 188 807 midia
206 777 356 807 institutus
372 778 401 807 C.
420 778 565 812 Octavius,
582 777 692 806 sororis
709 787 816 816 nepos,
841 784 867 808 et
884 779 913 808 in
931 788 1039 809 nomen
1055 780 1174 819 adopta-

103 826 148 850 tus
171 825 222 849 est.
253 820 383 849 Caesaris
405 830 513 859 corpus
536 829 603 849 cum
628 821 657 849 iu
680 829 815 858 campum
832 821 967 851 Martium
992 822 1134 858 serretur,
1159 833 1174 852 a

103 862 187 901 plebe
203 867 269 891 ante
285 867 378 892 rostra
395 868 554 892 crematum
572 867 623 891 est.
657 862 815 893 dictaturae
831 864 927 893 honos
944 864 972 893 in
999 870 1173 903 perpetuum

101 904 233 934 sublatus
249 909 300 934 est.
330 904 360 934 C.
374 905 513 940 Amanus,
531 904 709 934 humillimae
727 905 813 935 sortis
829 906 928 941 homo,
945 907 994 945 qui
1011 916 1041 936 se
1061 907 1090 936 C.
1104 907 1174 937 Mari
1199 916 1204 921 ·

102 947 193 976 tilium
217 946 340 982 ferebat,
364 957 431 976 cum
454 948 530 986 apud
554 947 702 976 credulam
727 946 842 985 plebem
860 949 1019 978 seditiones
1035 956 1173 984 moveret,

103 994 223 1019 necatus
239 994 290 1018 est.

171 1049 207 1072 10.
227 1048 398 1076 moventibus]
424 1047 553 1079 eingel‘i'igt
577 1048 641 1072 nach
661 1048 699 1072 ed.
720 1056 755 1080 pr.
780 1063 812 1066 -—
837 1050 876 1073 20.
903 1050 928 1073 C.
963 1050 1085 1079 mucius]
1110 1051 1172 1075 nach

101 1081 167 1113 sig:
187 1081 262 1106 Naz..
257 1091 262 1095 ·
282 1082 517 1113 cha711at‹s;jnng.
537 1081 655 1107 Hdsrhrst
677 1083 820 1107 thamaees.

185 1152 235 1187 56)
254 1143 310 1180 Ἦν
329 1148 390 1189 γάρ
414 1161 446 1180 τι
468 1152 508 1190 τι]
526 1152 699 1191 Καισαρος
716 1150 836 1193 οἰκίᾳ
830 1154 1080 1203 προσκείμενον
1099 1150 1172 1183 οἷον

99 1191 123 1223 ἒ
118 1192 155 1223 τὶ
174 1191 288 1242 κόσμῳ
313 1192 369 1222 καὶ
392 1191 570 1233 σεμνότντι
586 1195 624 1233 τῆ
628 1204 643 1230 ς
659 1193 783 1243 βουλῆς
802 1196 1045 1244 ψηφισαμένης
1062 1192 1172 1234 ἄκρω-

100 1233 223 1275 τήριον,
241 1232 263 1263 (ἶ
269 1246 285 1271 ς
299 1234 452 1274 Λίβιος(
442 1240 579 1275 ιστορεῐ.
606 1238 704 1266 τοῦτο
724 1234 803 1276 ὄναρ
820 1234 836 1276 ἡ
853 1235 1071 1276 Καλπουρνία
1088 1239 1173 1268 θεα-

99 1279 223 1328 σαμένι
249 1276 558 1328 καταρρηγιί’μενον
582 1276 677 1316 ἔδοξε
700 1280 911 1309 Ἡῑοτιιᾶσθαι
934 1279 989 1310 καὶ
998 1278 1170 1331 δακριέιν.

99 1316 223 1360 ἡμέρας
241 1317 273 1349 ὁ
292 1331 349 1349 οιν
365 1322 558 1371 γενομένης
563 1318 672 1351 ἐδεῖτο
689 1323 747 1351 τοῦ
764 1322 952 1360 Καίσαρος,
975 1320 1081 1360 εἰμὲν
1098 1320 1171 1353 οἷόν

96 1373 145 1397 τε,
162 1361 205 1414 w]
225 1361 424 1413 προελθεῖν,
448 1358 507 1392 ἀλλ
541 1358 775 1402 ἀναβαλέσθαι
791 1375 850 1404 την
867 1363 1065 1405 σύγκλητον·
1087 1363 1116 1395 εἰ
1134 1363 1169 1395 δὲ

96 1415 160 1434 των
184 1403 315 1445 ἐκείνῐς
339 1402 477 1444 ὀνείρων
501 1403 657 1443 ἐλαχιστα
677 1405 866 1446 φροντίζει,
890 1408 1091 1445 σκέψασθαι
1115 1406 1171 1437 διὰ

96 1458 258 1488 μαιτικης
285 1430 386 1486 ἄλλης
410 1447 463 1477 καὶ
488 1446 586 1487 ἱεριῦν
610 1460 689 1488 περι
712 1451 769 1479 τοῦ
792 1448 982 1487 μέλλοντος.
1026 1449 1171 1479 Plutarch

101 1490 176 1520 Caes.
194 1491 243 1520 63
280 1488 336 1528 1²91.
355 1489 450 1528 Obseq.
469 1491 518 1520 67.

182 1559 233 1593 57)
258 1557 388 1586 Vidimus
412 1557 569 1587 undantem
595 1558 691 1597 ruptis
714 1559 881 1588 fornacibus
905 1560 1038 1596 Aetnam]
1062 1560 1168 1589 malum

97 1608 183 1629 omen
201 1605 252 1634 est,
270 1600 386 1638 quando
406 1610 464 1629 non
481 1600 608 1636 sumum,
624 1601 674 1630 sed
692 1601 873 1630 flammarum
890 1602 980 1640 egerit
996 1601 1113 1640 globos;
1131 1608 1168 1637 et,

97 1648 127 1672 ut
139 1642 208 1671 «licit
221 1642 330 1675 Livius,
341 1647 419 1672 tanta
433 1643 546 1672 flamma
560 1647 627 1672 aute
639 1648 762 1672 mortem
777 1643 907 1673 Caesaris
920 1653 953 1673 ex
966 1645 1056 1673 Aetna
1070 1649 1169 1674 monte

95 1685 232 1719 defluxit,
256 1690 286 1714 ut
312 1694 371 1714 nou
390 1690 501 1714 tantum
518 1685 629 1715 vicinae
646 1686 750 1721 urbes,
772 1686 821 1715 sed
839 1686 924 1716 etiam
942 1686 1052 1724 Regina
1069 1687 1170 1716 civitas

96 1727 260 1756 adflaretur.
291 1727 371 1756 Serv.
389 1728 425 1756 ad
447 1726 523 1766 Very.
543 1728 641 1766 Geory.
660 1728 670 1756 l
690 1729 760 1758 472.

180 1795 232 1831 58)
247 1793 330 1828 Quod
349 1795 384 1824 dc
398 1795 520 1824 Caesare
537 1795 640 1824 maiori
657 1795 741 1833 volgo
759 1795 898 1825 dictatum
915 1801 957 1825 est
974 1802 1026 1825 eta
1041 1796 1072 1825 T.
1086 1797 1167 1826 Livio

96 1836 238 1874 positum,
263 1837 293 1866 in
316 1837 429 1866 incerto
446 1846 524 1872 esse,
549 1842 645 1867 utrum
664 1837 745 1867 illum
771 1838 850 1868 nasci
867 1838 958 1876 magis
975 1839 1015 1868 rei
1033 1839 1166 1878 publicae

97 1879 239 1917 profuerit
261 1888 297 1909 an
324 1889 383 1909 non
409 1880 504 1914 nasci,
528 1880 583 1909 dici
607 1880 692 1909 etiam
717 1880 752 1909 de
769 1881 861 1910 ventis
877 1885 981 1920 potest.
1013 1881 1041 1910 L.
1060 1881 1163 1911 Seneca

95 1927 154 1949 nal.
171 1927 273 1959 quaese.
292 1921 312 1949 V
335 1923 380 1957 IS,
395 1925 426 1954 A.

968 1974 1013 1998 12*

1202 490 1228 515 10

1200 700 1226 724 15
