1367 2143
184 92 221 120 10
527 92 619 120 LIBER
637 92 760 118 XXXXV.
798 93 867 118 CAP.
887 96 908 119 5.

1104 109 1124 123 a.
1137 109 1159 123 ιι.
1173 109 1190 123 o·
1204 104 1249 124 580.

181 182 284 208 rentur
299 187 409 214 omnes,
423 175 489 207 ‘cur
505 176 607 216 igitur'
627 175 849 217 inquit‘polluit
862 189 922 209 eam
936 180 1088 217 homicida,
1105 180 1248 219 sanguine

181 221 258 258 regis
276 220 414 249 Eumenis
438 220 573 249 violavit?
605 225 641 257 et,
665 230 730 250 cum
748 222 843 251 omnis
862 222 1001 260 praefatio
1023 232 1169 253 sacrorum
1187 232 1246 260 eos,

182 262 288 300 quibus
305 272 363 292 non
381 262 439 292 sint
455 272 545 301 purae
561 272 674 297 manus,
692 263 781 292 sacris
797 268 902 299 arceat,
917 273 968 294 vos
984 265 1142 303 penetralia
1153 269 1247 294 vestra

181 305 372 334 contaminari
389 309 511 334 cruento
528 305 648 334 latronis
665 314 789 343 corpore
805 301 944 335 sinetis?
976 306 1081 336 nobilis
1097 308 1170 336 fama
1187 311 1248 336 erat

181 347 257 385 apud
275 356 376 376 omnes
389 347 524 376 Giaeciae
541 347 669 377 civitates
681 347 821 377 Eumenis
838 348 914 386 regis
930 357 983 387 per
999 348 1167 378 Euandrum
1180 349 1246 378 Del-

179 389 245 427 phis
261 398 353 427 prope
369 393 533 428 perpetrata
551 389 661 419 caedes.
699 390 812 428 itaque,
833 394 1035 428 praeterquam
1053 391 1152 429 quod'
1146 401 1176 421 m
1193 400 1246 429 po-

181 435 282 460 testate
294 431 492 460 Romanorum
509 441 572 461 sese
588 431 772 469 insulamque
788 436 877 461 totam
895 437 922 462 et
935 433 1075 471 templum
1089 432 1248 462 cernebant

180 483 259 509 esse,
286 483 322 502 ne
338 473 474 503 inmerito
491 474 606 512 quidem
624 483 655 503 ea
671 474 726 503 sibi
743 474 911 512 exprobrari
926 475 990 511 rati,
1007 474 1177 511 Theondan,
1197 475 1246 513 qui

180 525 312 545 summus
324 516 509 553 magistratus
526 516 601 554 apud
618 525 668 545 eos
681 520 741 545 erat
754 533 793 537 —
806 525 903 554 regem
917 516 972 555 ipsi
987 517 1134 555 appellant
1145 534 1195 552 -—,
1212 517 1246 546 ad

178 558 282 587 Persea
298 558 427 593 mittunt,
445 558 495 596 qui
512 558 659 587 nuntiaret
674 559 755 596 argui
769 559 865 588 caedis
877 559 1047 588 Euandrum
1061 558 1245 594 Cretensem

179 609 242 629 esse
258 604 353 629 autem
370 600 475 629 iudicia
491 601 567 638 apud
584 610 647 629 sese
663 609 744 630 more
760 601 902 630 maiorum
917 605 1074 639 conparata
1087 601 1122 630 de
1135 601 1179 637 iis,
1196 601 1246 638 qui

180 642 304 671 incestas
321 651 424 671 manus
441 642 575 671 intulisse
592 642 666 671 intra
683 643 824 671 terminos
840 647 967 672 sacratos
984 643 1084 682 templi
1096 643 1245 679 dicantur;

179 685 201 713 si
219 684 380 713 confideret
394 684 531 713 Euander
548 685 698 713 innoxium
715 694 746 713 se
762 685 803 714 rei
821 684 950 722 capitalis
965 685 1059 722 argui,
1078 685 1190 714 veniret
1212 685 1246 714 ad

179 735 293 755 causam
311 726 473 762 dicendam,
491 726 514 755 si
531 727 711 756 committere
724 736 755 755 se
768 726 875 755 iudicio
896 736 954 755 non
967 727 1096 762 auderet,
1111 726 1247 757 liberaret

178 769 319 806 religione
342 768 482 806 templum
502 777 535 797 ac
551 768 666 797 sibimet
681 768 743 807 ipse
760 768 934 797 consuleret.
972 768 1097 797 Perseus
1113 774 1246 799 sevocato

178 811 315 840 Euandro
341 810 481 839 iudicium
499 810 644 839 subeundi
669 810 749 840 nullo
766 816 851 849 pacto
867 815 969 840 auctor
985 819 1065 839 esse:
1091 819 1145 840 nec
1161 820 1246 840 causa

737 869 883 900 Phrygiam
901 871 926 892 et
943 869 1059 892 Aeneam
1077 877 1111 893 ex
1128 870 1246 902 Phrygia

177 868 217 893 die
231 869 332 892 credita
344 871 473 893 sanctitas
486 875 575 900 gesagt
594 865 684 895 hatte’;

738 904 766 926 in
786 902 894 926 ltaliam
913 902 1043 926 detulisse.

177 902 228 933 vgl.
253 904 293 932 41,
312 903 352 933 24,
374 904 414 927 19:
440 910 497 926 rum
521 903 598 926 iidem
624 903 685 926 huic

177 937 303 967 orationi,
321 938 367 967 qui
383 937 480 960 litteris
494 937 565 967 regis
581 936 686 960 adsensi

177 973 264 997 erant,
293 970 500 994 adsentirentur.
527 984 559 988 —
586 970 686 1001 polluit

176 1012 233 1027 eam
252 1022 276 1027 ..
298 1005 414 1034 violavit]
438 1004 549 1028 violavit
573 1004 606 1027 ist
629 1003 684 1027 eine

176 1037 355 1069 asyndetische
380 1038 520 1068 Erklarung
547 1037 597 1062 und
620 1037 684 1061 Aus—

177 1071 286 1102 l'iihrung
322 1071 366 1095 des
397 1070 625 1103 Vorhergehenden
659 1071 682 1095 in

178 1104 343 1129 chiastischer
379 1105 463 1133 Form;
500 1104 616 1129 Euander
652 1105 683 1128 ist

176 1138 314 1169 gleichsam
341 1139 405 1163 noch
431 1138 540 1163 besseckt
564 1138 609 1162 mit
628 1138 683 1162 dem

177 1172 252 1196 Blute
271 1172 315 1196 des
334 1172 436 1204 Konigs.
474 1172 518 1196 Die
538 1172 623 1196 Lesart
642 1171 685 1196 der

177 1206 213 1230 St.
229 1206 261 1230 ist
275 1206 344 1230 nicht
357 1206 449 1234 sichem
467 1206 506 1230 Gr.
520 1213 609 1230 verm:
628 1205 684 1237 pol-

176 1241 248 1263 lutus
258 1247 313 1263 eam
325 1258 330 1264 .
344 1241 479 1268 .1v1'olavit;
491 1238 552 1271 Mg.2
566 1239 685 1270 pollutus

175 1281 231 1297 eam
243 1292 248 1297 .
260 1292 266 1297 .
277 1274 396 1301 violal11't;
409 1273 502 1298 Wssh.:
515 1274 616 1305 polluet
626 1281 682 1297 eam

175 1326 180 1331 .
192 1307 329 1335 .zv1·olahit;
350 1307 443 1331 Harant
461 1307 555 1332 ebenso
570 1307 618 1331 wie
630 1306 683 1337 Va.‚

175 1349 221 1365 nur
249 1341 349 1365 mochte
378 1349 403 1365 er
431 1344 455 1365 et
480 1349 526 1365 vor
553 1342 683 1371 sanguine

176 1375 374 1407 transponieren.
394 1389 427 1393 ——
446 1374 540 1406 omnis]
568 1375 615 1398 wie
642 1374 681 1399 bei

170 1408 244 1439 jeder
263 1408 372 1439 heiligen
386 1408 520 1439 Handlung
539 1407 588 1432 und
608 1408 632 1431 in
643 1409 682 1439 Je-

174 1442 230 1466 ‹lem
245 1441 358 1473 Tempel,
378 1450 405 1467 so
426 1442 562 1466 hesonders
582 1442 606 1466 in
626 1441 682 1465 dem

174 1475 351 1507 hochheiligen
363 1483 393 1500 zu
405 1475 582 1501 Samothrake:
595 1483 614 1499 s.
624 1475 681 1499 Her-

173 1517 256 1534 mann.
268 1509 382 1534 Gottesd.
394 1509 483 1534 Altert.
495 1509 517 1533 d.
527 1508 566 1533 Gr.
575 1509 590 1541 ξ
600 1510 681 1534 55.13.

173 1557 205 1561 -
222 1542 367 1574 praefatio]
387 1543 431 1567 das
445 1543 622 1575 Aussprechen
639 1550 681 1574 ge-

174 1577 263 1601 wisser
276 1577 391 1601 Formeln
411 1585 456 1601 vor
475 1576 584 1607 heiligen
600 1575 682 1601 Hand-

174 1611 280 1642 lungen;
307 1611 356 1642 vgl.
376 1610 420 1635 das
443 1610 571 1635 bekannte
587 1610 684 1641 procul

173 1647 226 1668 esce
242 1644 365 1676 profani,
385 1652 404 1668 s.
418 1652 449 1668 zu
469 1645 508 1675 39,
524 1645 562 1674 15,
580 1645 602 1672 1;
618 1643 680 1668 Plin.

174 1680 214 1706 25,
227 1680 254 1703 4:
273 1679 398 1702 inchoata
418 1679 495 1702 etiam
510 1677 682 1709 praelatione

173 1713 307 1743 religiosa,
321 1714 349 1736 ut
360 1713 479 1735 omnibus
489 1712 565 1735 malis
576 1730 582 1736 .
593 1730 598 1735 .
607 1713 682 1743 prin-

173 1748 239 1777 cipis
257 1754 358 1777 semper
380 1746 530 1770 mederetur
547 1747 680 1770 maiestas.

172 1794 204 1797 —-
221 1781 314 1811 purae]
338 1779 388 1811 vgl.
409 1779 424 1811 §
444 1781 471 1804 7:
497 1781 623 1807 incestam
650 1787 680 1804 zu

176 1815 196 1842 1,
215 1816 256 1843 45,
270 1814 296 1838 6:
316 1814 425 1841 ἱππεία
445 1812 522 1845 Marq.
543 1814 565 1843 3,
581 1814 635 1838 170.
648 1827 681 1831 ——

171 1847 329 1879 penetralia]
343 1846 394 1878 vgl.
409 1848 449 1876 26,
464 1848 503 1877 27,
517 1849 556 1875 143
570 1846 679 1871 Macrob.

173 1883 196 1907 3.
209 1882 232 1911 4,
247 1882 272 1905 7:
292 1880 381 1905 Varro
391 1899 397 1905 .
409 1900 415 1906 .
425 1881 584 1905 Dardanum
598 1880 682 1910 refert

173 1915 233 1938 deos
251 1914 361 1938 Penates
385 1923 419 1938 θα·
445 1914 630 1939 Samothracia
653 1916 681 1939 in

771 938 793 960 5.
819 936 923 966 nobilis]
943 932 1088 967 ‘allgemein
1112 934 1245 965 bekannt';

738 978 757 994 s.
777 978 807 994 zu
827 971 866 999 39,
886 971 909 998 4
929 971 942 994 S
962 977 985 994 u.
1006 977 1039 997 a.;
1058 970 1131 999 fama
1149 970 1183 994 ist
1196 970 1246 994 Ab·

736 1004 812 1031 lativ·
832 1011 875 1027 zur
895 1003 975 1027 Sache
995 990 1073 1034 5.42,
1096 1005 1133 1035 15,
1153 1003 1195 1029 3f
1214 1018 1246 1022 —

736 1034 840 1069 apud]
845 1034 875 1061 in’
886 1047 890 1066 ς
910 1045 928 1061 s.
949 1045 978 1061 zu
998 1038 1038 1067 42,
1060 1038 1139 1067 12,1.

770 1073 793 1096 6.
812 1079 863 1095 ne.
904 1071 1018 1102 quidem]
1038 1071 1102 1095 nach
1124 1074 1244 1102 jor-aeter-

737 1112 814 1137 quam
826 1105 903 1136 qnod,
915 1105 963 1129 wie
974 1106 996 1134 3,
1008 1106 1048 1134 34,
1059 1106 1085 1133 8;
1098 1106 1138 1135 37,
1149 1106 1188 1135 39,
1203 1107 1244 1134 13;

736 1146 767 1163 an
778 1146 802 1163 u.
814 1138 850 1163 St.
859 1138 957 1163 enthalt
966 1146 999 1162 ne
1007 1140 1130 1163 inmerito
1141 1139 1245 1170 quidem

737 1172 784 1196 den
804 1172 931 1204 positiven
945 1171 1082 1196 Gedanken
1097 1174 1176 1196 etiam
1194 1180 1245 1196 me-

737 1207 800 1230 rito.
820 1219 851 1223 —
870 1207 967 1236 regem]
987 1206 1035 1230 wie
1054 1206 1079 1230 in
1098 1206 1181 1231 Athen
1201 1205 1243 1231 der

737 1238 829 1273 ἅρχων
847 1237 983 1271 βασιλεύω
1004 1239 1128 1264 Hermann
1144 1248 1165 1264 a.
1179 1248 1200 1264 a.
1217 1240 1243 1264 Ο.

736 1274 751 1303 ξ
774 1275 812 1303 11,
833 1275 857 1302 1;
878 1273 921 1298 der
940 1273 1072 1298 Ausdruck
1091 1274 1171 1305 zeigt,
1190 1273 1244 1298 dass

735 1307 761 1332 L.
780 1307 827 1331 den
848 1306 970 1339 Polybios
990 1315 1034 1331 vor
1053 1307 1107 1332 sich
1126 1307 1203 1332 hatte.

770 1343 792 1365 7.
807 1341 907 1364 iudicia
919 1359 924 1365 .
936 1342 950 1371 .]
961 1341 986 1365 in
997 1340 1079 1365 denen
1087 1341 1134 1371 die,
1147 1340 1243 1366 welche

734 1374 779 1399 das
790 1374 927 1406 Heiligtum
941 1375 1104 1405 entweihten,
1118 1374 1243 1406 gerichtet

735 1408 848 1439 wurden,
862 1408 910 1433 wie
924 1408 948 1432 in
964 1408 1046 1433 Athen
1060 1409 1100 1433 bei
1115 1408 1162 1433 den
1177 1408 1245 1433 eleu-

734 1442 862 1466 sinischen
881 1441 1033 1474 Mysterien3
1060 1450 1079 1467 s.
1100 1443 1140 1472 31,
1162 1443 1199 1472 14,
1220 1444 1241 1467 8.

733 1489 766 1493 —-
786 1476 908 1499 intulisse
926 1477 1041 1505 intra-d
1061 1484 1080 1501 s.
1101 1477 1140 1505 36,
1163 1477 1200 1506 15,
1221 1478 1241 1500 5.

733 1523 766 1527 -—
786 1511 912 1533 terminos
929 1510 1056 1539 sacratos]
1076 1517 1095 1533 s.
1117 1511 1138 1537 1.
1157 1511 1198 1539 44,
1214 1511 1241 1534 5;

733 1544 840 1567 termini
864 1544 892 1566 hi
917 1544 1074 1570 consecrati,
1100 1542 1152 1574 vgl.
1178 1543 1243 1568 oben

729 1577 893 1608 penetralia3
908 1576 1037 1601 vielleicht
1050 1576 1095 1601 mit
1105 1575 1243 1601 Rucksicht

734 1610 778 1635 aus
799 1610 839 1634 die
862 1610 928 1641 Sage
952 1610 992 1634 bei
1017 1609 1088 1635 Diod.
1109 1612 1131 1639 5,
1150 1611 1190 1635 47.
1209 1624 1242 1628 —

734 1644 868 1674 dieantur]
888 1644 969 1668 neben
992 1643 1040 1668 den
1059 1643 1241 1676 lmperfekten;

731 1686 753 1703 s.
773 1686 803 1703 zu
822 1679 863 1708 43,
886 1680 905 1708 l,
927 1679 968 1705 10;
987 1677 1038 1709 vgl.
1060 1679 1098 1707 14,
1118 1679 1139 1702 5.

769 1713 791 1736 S.
812 1712 937 1736 liberaret
960 1711 1090 1742 religione
1108 1711 1240 1742 templum]

732 1753 752 1770 s.
778 1747 818 1775 27,
845 1747 884 1776 37,
910 1747 936 1773 ὃς
964 1745 1014 1776 vgl.
1041 1744 1084 1769 das
1109 1744 1241 1776 Gegenteil

733 1780 774 1807 42,
788 1780 810 1807 3
824 1780 851 1804 9:
873 1780 1036 1810 obstringere
1043 1779 1190 1818 νεΙῐξίοηες
1209 1786 1241 1804 an

732 1821 756 1838 u
778 1812 814 1838 St.
834 1813 867 1837 ist
885 1813 981 1844 reltgio
999 1824 1031 1833 =
1043 1806 1148 1838 ‘Fluchss
1162 1813 1241 1836 —si-

732 1848 812 1870 hzmet
839 1848 894 1878 ipsc
921 1846 1076 1876 consuleret]
1104 1846 1138 1871 ist
1166 1846 1242 1871 zwei-

733 1880 829 1912 deutig,
848 1880 908 1905 aber
926 1880 994 1905 wohl
1013 1880 1058 1904 mit
1075 1879 1190 1904 Absicht.

768 1915 791 1938 9.
810 1916 904 1938 auctor
917 1914 977 1945 esse]
992 1921 1011 1938 s.
1025 1921 1055 1938 zu
1070 1915 1109 1944 35,
1120 1914 1160 1944 25,
1172 1915 1194 1939 5.
1209 1927 1238 1931 —
