1367 2143
533 99 589 123 tm.
610 98 739 123 Ll—Lllll.
1111 97 1169 127 143

96 186 152 220 vit,
176 185 207 214 P.
224 184 379 214 Cornelius
395 185 570 222 [Afric-auus}
587 185 686 224 Scipio
703 184 882 214 Aemilianus
901 184 936 213 de
953 185 1125 223 Carthagine
1142 190 1170 214 et

99 227 288 256 Hasdrubale.
314 227 438 256 Viriatus
454 228 483 256 in
502 227 640 266 Hispania
658 227 783 266 primum
801 236 834 256 ex
852 231 969 265 pastore
989 233 1116 262 venator,
1135 237 1167 256 ex

100 275 235 299 venatore
252 269 336 304 latro,
356 279 422 298 mox
440 270 506 299 insti
524 279 641 308 quoque
658 270 802 299 exercitus
817 269 874 298 dux
892 270 984 298 sactus
1001 275 1089 299 totam
1110 270 1168 299 Lu-

100 312 234 341 sitaniam
260 312 426 351 occupavit,
452 312 488 342 M.
514 312 648 341 Vetilium
673 317 836 350 praetorem
864 312 928 340 l'uso
957 312 1018 341 cius
1040 313 1166 350 exercitu

97 355 191 393 cepit,
216 360 281 393 post
298 364 384 393 quem
401 354 432 384 C.
449 354 579 384 Plautius
595 360 712 393 praetor
735 353 826 383 nihilo
850 354 962 383 felicius
985 364 1045 384 rem
1063 355 1166 393 gessit;

99 402 271 436 tantumque
288 402 428 426 terrorem
445 397 469 426 is
485 397 577 426 hostis
595 397 707 431 intulit,
732 402 761 426 ut
784 397 921 425 adversus
938 406 1004 426 eum
1021 397 1167 427 consulari

99 449 174 478 opus
191 445 267 469 esset
289 445 316 469 et
339 440 412 469 duce
435 444 463 468 et
484 439 621 469 exercitu.
656 444 805 478 praeterea
823 444 919 468 motus
935 439 1035 477 Syriae
1051 445 1076 469 et
1094 439 1167 469 bella

98 483 174 511 inter
190 491 274 520 reges
289 487 369 520 gesta
389 483 564 511 iweseruntui.
600 481 771 517 Alexander
788 482 876 510 homo
893 482 1012 519 ignotus
1027 487 1054 511 et
1071 482 1167 511 incei-

98 530 141 553 tae
158 525 268 565 stirpis
285 524 398 558 occiso
415 524 490 554 sicut
506 529 572 553 ante
589 524 698 553 dictum
717 528 776 559 est,
794 523 938 553 Demettio
957 534 1023 562 iege
1041 525 1069 553 in
1087 524 1168 563 Syria

98 567 245 604 regnabat.
281 567 360 596 hunc
377 566 550 600 Demetrius,
567 566 693 595 Demetri
710 566 803 601 lilius⁷
822 566 871 605 qui
887 576 902 595 a
921 572 1002 605 patre
1019 568 1165 605 quondam

98 609 158 637 ob
152 619 233 638 mcci
236 614 279 638 tos
294 608 362 638 belli
385 618 469 638 casus
490 608 639 646 ablegatus
655 608 772 637 Gnidon
796 589 905 644 luerat,
929 615 1096 648 contempta
1120 619 1167 638 so-

97 651 195 680 cordia
212 651 374 689 inertiaque
391 651 463 686 eius,
479 651 633 680 adiuvante
651 651 827 686 Ptolemaeo,
844 652 966 690 Aegypti
984 661 1034 689 re<
1037 662 1068 687 e
1085 652 1168 681 cuius

97 693 183 722 tiliam
207 693 390 732 Cleopatram
419 693 448 722 in
472 693 690 722 matrimonium
712 698 879 732 acceperat,
909 694 986 723 bello
1011 694 1166 723 interemit.

95 735 279 764 Ptolemaeus
296 736 421 774 graviter
438 736 467 764 in
485 742 571 774 caput
588 735 758 765 vulneratus
774 736 851 765 inter
875 736 1074 772 curationem,
1098 737 1166 765 dum

96 787 160 807 ossa
177 777 280 807 medici
299 778 444 807 terebrare
460 783 623 812 conantur,
647 778 803 817 expiravit,
825 784 911 817 atque
935 778 964 807 in
990 778 1088 808 locum
1105 779 1167 808 eius

97 822 183 849 l‘rater
200 820 297 849 minoi
313 820 512 854 Ptolemaeus
536 820 584 859 qui
602 820 724 858 Cyrenis
748 820 905 859 regnabat,
927 822 1076 850 successit.
1110 821 1165 850 De-

95 863 217 892 metrius
233 862 269 891 ob
289 863 506 898 crudelitatem
531 872 616 901 quam
640 863 668 891 in
687 872 756 892 suos
773 873 826 910 per
842 868 985 892 tormenta
1003 864 1166 898 exeicebat‚

95 905 130 933 ab
147 905 273 934 Diodoto
291 905 428 943 quodim
446 915 505 934 uno
523 914 556 933 ex
573 905 723 940 subiectis,
741 905 790 944 qui
807 905 961 935 Alexandri
977 906 1037 935 filio
1054 906 1165 935 bimulo

95 947 251 976 admodum
269 956 391 985 regnum
408 947 568 982 adserebat,
585 947 661 976 bello
675 953 829 986 superatus
842 948 1010 978 Seleuceam
1023 949 1164 987 confugit.

94 989 127 1018 L.
144 990 303 1019 Mummius
320 990 355 1018 de
371 990 494 1018 Achaeis
510 989 712 1028 triumphavit;
737 990 818 1028 signa
842 1000 925 1020 aerea
945 1000 1165 1030 marmoreaque

93 1038 119 1060 et
136 1032 248 1061 tabulas
265 1032 357 1071 pictas
375 1032 403 1060 in
421 1031 570 1070 triumpho
588 1031 663 1061 tulit.

162 1083 182 1105 1.
201 1083 228 1104 1'11
242 1081 355 1110 anxilio]
370 1081 414 1105 mit
428 1081 476 1105 den
490 1081 608 1109 Hdschr.;
627 1082 705 1106 Jahn:
720 1083 834 1106 aim-ilio.
847 1097 876 1099 —
892 1085 929 1108 15.
951 1083 1087 1113 l'etilt'um]
1102 1085 1164 1108 nach

91 1115 138 1139 den
154 1115 280 1145 jungeren
295 1115 393 1142 Hschr.;
414 1114 487 1140 Χίης
510 1115 690 1139 ΙὶιίιἹῖιιημ-
706 1117 810 1140 18-22.
831 1120 997 1148 (praeterea.
1009 1137 1013 1141 .
1026 1118 1053 1141 in
1073 1119 1165 1141 trium-

90 1150 143 1180 pho
164 1149 235 1179 tulit)
256 1149 348 1173 erklart
370 1148 427 1173 wss.
448 1149 487 1173 sur
506 1150 579 1173 einen
599 1150 725 1174 unechten
746 1149 845 1174 Zusatz.

559 1225 575 1249 L
584 1225 626 1250 IB.
647 1225 702 1250 Llll.

175 1286 312 1306 reniocin
336 1286 391 1305 Lm.
414 1286 473 1305 rin.
514 1278 567 1316 Ap.
590 1277 727 1306 Claudius
750 1278 854 1307 consul
878 1277 1024 1313 Salassos,
1047 1284 1163 1315 gentem

93 1319 237 1358 Alpinam,
256 1319 377 1348 domuit.
412 1319 484 1348 alter
500 1319 769 1358 Pseudophilippus
786 1320 814 1349 in
829 1320 998 1349 Macedonia
1015 1330 1029 1350 a
1046 1320 1078 1349 L.
1091 1321 1162 1350 Tre-

90 1361 187 1390 mellio
205 1367 358 1400 quaestore
375 1371 441 1390 cum
460 1361 588 1391 exercitu
606 1371 707 1391 caesus
730 1368 783 1391 est.
820 1362 855 1396 Q.
872 1362 1013 1392 Caecilius
1029 1363 1163 1393 Metellus

90 1404 250 1442 proconsul
274 1403 436 1433 Celtiberos
459 1404 580 1439 cecidit,
603 1410 631 1433 et
653 1414 667 1433 a
685 1404 718 1438 Q.
744 1404 832 1434 Fabio
857 1405 1035 1444 proconsule
1057 1416 1162 1444 magna

89 1456 156 1484 pars
168 1446 335 1475 Lusitaniae
351 1446 524 1485 expugnatis
537 1446 647 1485 aliquot
661 1447 784 1476 urbibus
800 1452 917 1487 recepta
935 1454 985 1476 est.
1015 1448 1043 1477 C.
1054 1449 1164 1478 Acilius

90 1494 206 1518 senator
222 1488 331 1518 Graece
348 1498 394 1517 res
410 1488 557 1518 Romanas
572 1489 682 1518 scribit.

158 1539 180 1562 5.
202 1538 237 1567 G]
258 1538 389 1570 eingesiigt
409 1538 472 1562 nach
492 1537 543 1569 Mg.

550 1614 616 1639 LIB.
635 1614 701 1639 Lllll.

173 1675 311 1695 PERtoCHA
335 1675 389 1694 mn.
406 1676 476 1694 Lini.
510 1666 543 1700 Q.
564 1666 722 1705 Pompeius
745 1666 849 1695 consul
875 1666 903 1695 in
928 1667 1068 1706 Hispania
1092 1667 1162 1697 Ter-

89 1708 229 1737 mestinos
245 1708 369 1746 subegit.
404 1718 469 1737 cum
488 1709 588 1738 iisdem
606 1714 634 1738 et
649 1709 836 1738 Numantinis
860 1719 961 1747 pacem
985 1709 1020 1738 ab
1037 1710 1161 1739 infirmi—

90 1756 146 1779 tate
163 1751 239 1780 fecit.
274 1751 396 1779 lustrum
410 1760 424 1779 a
439 1751 611 1780 censoribus
627 1752 777 1780 conditum
796 1756 854 1787 est;
873 1761 960 1780 censa
976 1758 1045 1781 sunt
1055 1752 1159 1781 civium

89 1793 182 1831 capita
206 1798 335 1822 trecenta
360 1793 460 1831 viginti
485 1799 596 1832 septem
620 1794 698 1822 milia
726 1794 939 1832 quadringenta
968 1795 1158 1833 quadraginta

89 1835 156 1863 duo.
191 1844 257 1864 cum
274 1835 466 1864 Macedonum
491 1835 577 1874 legati
595 1842 729 1875 questum
753 1836 787 1865 de
804 1836 838 1864 D.
858 1836 942 1865 lunio
960 1837 1058 1866 Silano
1077 1847 1159 1876 prae-

89 1882 152 1905 tore
168 1878 332 1912 venissent,
348 1879 425 1917 quod
442 1879 570 1917 acceptis
587 1879 721 1917 pecuniis
738 1879 917 1918 provinciam
935 1879 1105 1918 spoliasset,
1133 1886 1159 1909 et

90 1926 208 1948 senatus
230 1920 265 1949 de
288 1920 426 1959 querellis
447 1930 549 1949 eorum
571 1921 656 1950 vellet
673 1930 869 1959 cognoscere,
892 1921 925 1950 T.
942 1922 1066 1951 Manlius
1083 1922 1157 1951 Tor-

1192 317 1219 341 15

1190 741 1217 765 25

1188 954 1217 977 30

1188 1454 1201 1477 5
