1367 2143
145 1051 171 1075 10

146 1261 172 1285 15

647 398 682 438 Τ.
708 397 805 438 LIVI

274 473 320 502 AB
345 473 444 503 URBE
468 474 632 504 CONDITA
656 474 852 505 LIBRORUM
877 475 1173 505 DEPERDITORUM

435 524 650 554 PERIOCHAE
675 525 722 554 ET
746 525 1016 562 FRAGMENTA-¹)

663 616 729 641 LlB.
749 616 788 641 xt.

276 675 412 696 vennocus
432 677 485 696 Lm.
503 677 539 696 xi.
571 667 642 697 Cum
659 667 765 697 Fabius
781 667 893 706 Gurges
909 667 1012 697 consul
1028 668 1103 697 male
1119 668 1256 697 adversus

193 707 335 737 Samnites
344 714 502 747 pugnasset
511 714 539 738 et
551 714 670 738 senatus
681 710 716 738 de
728 710 903 739 removendo
917 719 950 738 eo
964 709 998 739 ab
1011 710 1139 739 exercitu
1149 715 1256 748 ageret,

192 749 298 778 Fabius
307 749 447 779 Maximus
460 755 541 789 pater
553 751 725 790 deprecatus
736 752 811 780 hanc
824 752 874 780 filii
886 751 1075 789 ignominiam
1089 761 1123 781 eo
1132 752 1255 781 maxime

193 796 326 820 senatum
343 792 441 828 movit,
459 793 536 831 quod
552 793 660 822 iturum
678 802 707 822 se
724 793 782 822 filio
799 793 926 832 legatum
942 793 1092 832 pollicitus
1107 798 1151 823 est
1168 794 1255 832 idque

192 833 346 872 praestitit.
374 835 436 864 eius
452 835 581 864 consiliis
597 841 623 864 et
641 844 729 874 opera
742 835 819 864 filius
830 835 933 865 consul
945 835 1060 865 adiutus
1073 835 1164 865 caesis
1174 835 1256 865 Sam-

193 875 304 905 nitibus
320 876 526 915 triumphavit3
550 877 580 906 C.
598 877 744 913 Pontium,
762 878 967 916 imperatorem
985 877 1167 916 Samnitium,
1185 878 1254 907 duc-

192 924 252 947 tum
270 918 299 947 in
319 918 466 958 triumpho
483 920 577 948 securi
600 920 752 958 percussit.
785 929 850 949 cum
874 919 1039 959 pestilentia
1062 919 1160 949 civitas
1175 919 1254 948 labo-

192 964 285 995 raret,
308 961 387 990 missi
409 961 509 999 legati,
538 965 570 991 ut
593 961 745 1000 Aesculapi
768 962 883 1000 signum
906 961 1027 991 Romam
1050 962 1084 991 ab
1108 961 1254 1000 Epidauro

193 1002 394 1038 transferrent,
409 1012 544 1041 anguem,
562 1003 611 1042 qui
627 1013 658 1033 se
674 1004 702 1033 in
721 1013 820 1033 navem
837 1013 937 1033 eorum
953 1003 1133 1038 contulerat,
1150 1003 1179 1032 in
1197 1013 1254 1042 quo

193 1044 289 1083 ipsum
307 1054 415 1074 numen
432 1054 494 1075 esse
511 1045 677 1081 constabat,
701 1046 944 1085 deportaverunt;
969 1055 1060 1084 eoque
1084 1045 1112 1074 in
1130 1045 1254 1075 insulam

194 1086 306 1115 Tiberis
334 1096 450 1125 egresso
480 1088 579 1116 eodem
610 1087 674 1116 loco
704 1087 789 1117 aedes
811 1088 983 1126 Aesculapio
1014 1088 1171 1117 constituta
1203 1094 1254 1116 est.

194 1128 225 1157 L.
237 1128 403 1158 Postumius
415 1129 586 1165 consularis,
603 1129 751 1168 quoniam,
764 1139 829 1158 cum
843 1130 980 1159 exercitui
995 1133 1150 1168 praeesset,
1166 1138 1254 1168 opera

194 1170 318 1200 militum
335 1171 363 1200 in
380 1180 449 1209 agro
466 1181 518 1201 suo
536 1181 605 1201 usus
622 1176 697 1207 erat,
719 1172 870 1201 damnatus
886 1176 937 1201 est.
972 1180 1072 1210 pacem
1090 1171 1255 1210 petentibus

195 1212 372 1242 Samnitibus
389 1214 492 1243 foedus
508 1219 609 1252 quarto
626 1218 797 1243 renovatum
820 1219 872 1243 est.
911 1214 1015 1243 Curius
1031 1213 1170 1242 Dentatus
1186 1223 1255 1243 con-

195 1255 239 1284 sul
256 1255 435 1284 Samnitibus
451 1256 543 1285 caesis
559 1260 587 1284 et
603 1255 734 1291 Sabinis,
759 1256 807 1294 qui
829 1255 1055 1291 rebellaverant,
1077 1255 1160 1284 victis
1183 1260 1210 1284 et
1226 1256 1254 1284 in
1285 1260 1290 1264 '

196 1297 372 1326 deditionem
389 1298 516 1337 acceptis
531 1298 576 1326 bis
592 1298 621 1327 in
639 1298 740 1327 eodem
758 1298 924 1336 magistratu
943 1298 1138 1336 triumphavit.
1177 1297 1256 1327 colo-

196 1339 259 1368 niae
283 1339 423 1369 deductae
445 1344 514 1369 sunt
530 1339 662 1370 Castrum
673 1363 680 1376 ,
704 1340 779 1369 Sena
790 1362 797 1375 ‚
814 1339 929 1369 Hadria.
964 1339 1105 1369 triumviri
1121 1339 1257 1378 capitales

195 1387 265 1410 tunc
290 1382 416 1420 primum
446 1382 534 1411 creati
557 1388 633 1411 sunt.
675 1392 765 1411 censu
790 1387 853 1411 acto
876 1381 1001 1411 lustrum
1025 1382 1174 1411 conditum
1198 1386 1256 1416 est;

196 1432 281 1452 censa
304 1428 370 1452 sunt
395 1424 498 1453 civium
522 1424 614 1462 capita
637 1425 761 1453 ducenta
782 1424 963 1462 septuaginta
980 1424 1038 1453 duo
1055 1423 1141 1453 milia.
1176 1423 1258 1463 plebs

195 1470 316 1505 propter
329 1475 377 1495 aes
392 1466 518 1495 alienum
536 1470 600 1505 post
617 1475 717 1504 graves
734 1470 762 1495 et
778 1466 879 1504 longas
895 1466 1052 1495 seditiones
1067 1466 1102 1495 ad
1124 1465 1256 1495 ultimum

195 1508 314 1537 secessit
330 1507 360 1536 in
379 1507 551 1543 Ianiculum,
567 1508 644 1537 unde
660 1518 674 1537 a
688 1507 720 1542 Q.
733 1507 890 1536 Hortensio
907 1508 1046 1537 dictatore
1062 1508 1183 1537 deducta
1200 1512 1256 1542 est;

196 1550 277 1589 isque
294 1550 322 1579 in
340 1551 404 1589 ipso
421 1550 588 1588 magistratu
605 1550 737 1579 decessit.
754 1559 800 1579 res
816 1554 964 1588 praeterea
976 1554 1079 1579 contra
1092 1549 1257 1579 Vulsinien-

195 1601 240 1621 ses
256 1597 351 1630 gestas
369 1592 509 1628 continet,
527 1592 593 1621 item
611 1592 747 1621 adversus
760 1592 904 1628 Lucanos,
922 1597 1022 1622 contra
1035 1601 1108 1630 quos
1121 1591 1257 1621 auxilium

195 1634 334 1663 Thurinis
350 1635 425 1663 ferre
442 1634 599 1673 placuerat.

266 1746 288 1773 l)
308 1743 353 1768 Mit
372 1743 386 1758 *
405 1743 461 1768 sind
480 1743 519 1767 die
539 1750 584 1767 nur
598 1742 660 1767 nach
676 1742 837 1773 Vermutung‚
857 1742 926 1767 nicht
944 1742 1006 1766 nach
1020 1741 1075 1766 (lem
1088 1741 1197 1773 Zeuguis
1216 1742 1259 1766 der

197 1777 311 1805 (wellen,
331 1777 378 1801 den
398 1776 570 1801 betreffenden
590 1776 703 1800 Biicltern
724 1776 916 1807 zugewiesenen
931 1776 1079 1808 Fragmente
1098 1775 1258 1801 bezeiclmet:

196 1813 269 1835 unter
288 1810 335 1835 den
354 1811 494 1843 Excerpten
519 1810 562 1834 des
581 1809 715 1834 Cassiodor
739 1810 769 1833 ist
790 1809 953 1841 denjenigen,
978 1809 1074 1833 welche
1097 1809 1121 1833 in
1147 1809 1194 1833 den
1214 1809 1259 1833 Pe-

196 1844 296 1868 riocltae
316 1845 382 1868 nicht
403 1845 531 1869 erwiihnte
550 1843 708 1868 Tliatsachen
728 1843 870 1873 enthalten,
894 1843 933 1868 ein
953 1844 967 1874 †
988 1845 1138 1874 vorgesetzt.
1175 1842 1260 1867 Hinter

197 1878 253 1902 dem
272 1877 336 1902 Text
355 1878 411 1903 sind
430 1878 469 1902 die
488 1878 696 1909 Abweichungen
716 1884 764 1901 von
784 1877 830 1901 den
851 1879 971 1902 neuesten
989 1877 1132 1907 Ausgaben.
1153 1877 1192 1901 bei
1212 1876 1259 1901 den

197 1911 333 1936 Periochae
354 1920 403 1936 von
423 1912 466 1937 der
484 1911 628 1936 Jahnschen
648 1911 765 1943 Ausgabe
784 1910 894 1943 (Lipsiae
912 1910 1072 1941 MDCCCLlll)
1092 1910 1259 1935 verzeichnet.

1317 1895 1319 1908 l
