1367 2143
139 836 166 859 10

190 63 249 92 130
429 65 456 90 T.
478 65 537 89 LlVI
555 64 734 89 PERIOCHAE
753 65 793 89 ET
813 64 1019 90 FRAGMENTA.

257 148 393 173 Vielleicht
417 148 538 173 beziehen
565 148 617 173 sich
643 148 682 172 die
706 148 793 172 Worte
817 148 861 173 des
885 148 1042 174 Scholiasten
1067 149 1111 173 aus
1132 149 1184 173 Liv.
1211 150 1250 174 37.

188 183 275 240 ἱιέιῖῃὲῃς
295 182 319 205 iu
343 182 438 207 diesem
457 182 524 206 Falle
545 183 628 206 waren
649 182 684 206 sie
709 189 754 206 aus
777 182 820 206 der
840 182 1115 214 Fragmentsammlung
1141 190 1170 206 zu
1198 185 1251 206 eut-

274 268 303 303 3)
327 267 425 296 Livius
441 267 470 296 in
493 277 554 296 xm:
569 263 692 305 ‘privato
711 276 764 296 nos
782 265 997 305 tenuissenius'.
1029 267 1166 297 Priscian.
1185 269 1249 295 inst.

187 319 307 347 qramm.
326 309 373 338 XV
394 311 441 344 ll,
458 309 486 338 S.
509 310 598 343 1009,
617 309 647 338 Ρ.
665 310 693 344 2,
710 309 738 338 S.
756 309 806 343 69,
825 311 842 338 5
857 307 923 337 ch.

644 400 660 424 L
669 400 676 423 l
685 399 710 425 Β.
731 399 800 424 Xllll.

273 461 408 481 PERIOCHA
425 462 480 480 ΜΒ.
497 461 567 480 xuu.
598 451 726 489 Pyrrhus
743 451 770 480 in
789 451 916 480 Siciliam
935 451 1055 480 traiecit.
1087 461 1152 480 cum
1178 451 1253 480 inter

187 494 239 523 alia
263 495 394 533 prodigia
416 494 537 523 fulmine
559 494 702 523 deiectum
725 499 800 522 esset
823 494 851 522 in
869 493 1010 532 Capitolio
1030 493 1103 522 Iovis
1126 494 1251 531 signum,

188 541 276 575 caput
292 537 354 565 eius
377 546 428 575 per
450 536 619 574 haruspices
640 536 790 564 inventum
813 541 865 565 est.
898 536 1001 564 Curius
1025 535 1164 564 Dentatus
1187 545 1252 565 cum

187 579 324 608 dilectum
337 579 466 613 haberet,
484 579 556 613 eius,
573 578 622 616 qui
639 578 742 607 citatus
759 587 817 606 non
835 578 1032 616 responderat,
1050 578 1125 606 bona
1142 578 1252 616 primus

187 621 329 655 vendidit3
347 621 414 649 item
432 620 573 658 Pyrrhum
591 630 624 649 ex
637 620 733 649 Sicilia
751 620 778 648 iu
793 620 900 649 ltaliam
915 629 1061 649 reversum
1075 620 1142 648 vicit
1156 624 1183 648 et
1196 620 1251 648 lta-

189 663 222 692 lia
241 663 359 701 expulit.
390 662 539 691 Fabricius
556 671 660 691 censor
676 662 706 690 P.
724 662 890 691 Cornelium
908 662 1045 691 Rufinum
1070 662 1250 690 consularem

188 710 290 734 senatu
306 705 410 739 movit,
427 705 503 742 quod
520 705 544 732 is
560 704 659 732 decem
676 704 787 742 argenti
804 704 901 742 pondo
919 704 984 733 facti
1000 704 1128 732 haberet.
1162 704 1251 732 lustro

188 757 203 775 a
227 746 398 776 censoribus
420 746 537 775 condito
554 755 640 774 censa
657 750 726 774 sunt
748 747 840 784 capita
865 746 968 774 civium
990 746 1113 774 ducenta
1136 751 1253 783 septua-

189 789 267 827 ginta
290 798 381 817 unum
405 788 481 816 milia
508 788 631 816 ducenta
659 788 775 825 triginta
804 792 949 826 quattuor.
986 797 1052 816 cum
1078 787 1252 822 Ptolemaeo,

189 831 310 869 Aegypti
328 839 405 868 rege,
422 830 544 858 societas
560 830 657 858 iuncta
674 835 726 859 est.
755 829 871 858 Sextilia
888 830 966 866 virgo
983 829 1103 858 Vestalis
1119 829 1251 858 damnata

190 873 292 902 incesti
306 873 365 901 viva
379 872 492 901 defossa
509 877 560 901 est.
587 871 718 901 coloniae
730 872 869 900 deductae
881 877 949 900 suut
960 871 1115 900 Posidonia
1129 876 1156 900 et
1169 871 1250 900 Cosa.

189 914 471 952 Carthaginiensium
485 914 584 943 classis
594 914 700 943 auxilio
713 914 879 943 Tarentinis
892 914 979 949 venit,
996 923 1053 952 quo
1072 914 1146 942 sacto
1160 913 1194 942 ab
1208 913 1252 942 his

189 958 291 986 foedus
307 957 443 985 violatum
461 961 511 985 est.
542 966 587 985 res
603 961 750 994 praeterea
769 961 869 985 contra
887 956 1020 984 Lucanos
1037 960 1064 984 et
1079 955 1209 984 Bruttios
1226 960 1254 983 et

190 999 334 1028 Samnites
350 998 472 1028 feliciter
489 1003 583 1036 gestas
600 1003 628 1027 et
646 998 746 1036 Pyrrhi
764 998 840 1036 regis
857 1003 979 1027 mortem
996 998 1136 1026 continet.

653 1089 720 1113 LlB.
741 1088 793 1113 XV.

274 1151 411 1170 PERtocHA
428 1151 482 1169 Ltlt.
500 1150 542 1169 xv.
577 1141 666 1170 Victis
682 1140 848 1169 Tarentinis
865 1149 918 1178 pax
941 1145 969 1168 et
985 1139 1102 1168 libertas
1119 1140 1182 1168 data
1199 1145 1249 1168 est.

190 1184 266 1222 legio
276 1184 431 1222 Campana,
449 1192 522 1221 quae
532 1182 653 1221 Regium
671 1186 871 1221 occupaverat,
888 1181 1005 1210 obsessa
1017 1182 1164 1210 deditione
1178 1181 1251 1210 sacta

190 1226 284 1255 securi
299 1235 434 1264 percussa
448 1230 500 1254 est.
524 1234 590 1254 cum
603 1225 714 1262 legatos
722 1223 948 1263 Apolloniatium
961 1224 995 1252 ad
1007 1228 1138 1252 senatum
1149 1223 1252 1252 missos
1289 1236 1294 1241 ·
1332 1221 1333 1230 ¹

191 1269 305 1306 quidam
322 1268 440 1297 iuvenes
457 1267 636 1306 pulsassent,
660 1266 746 1295 dediti
764 1271 833 1295 sunt
849 1265 1091 1304 Apolloniatibus.
1126 1265 1252 1294 Picenti-

190 1310 243 1339 bus
259 1310 340 1339 victis
356 1319 409 1348 pax
426 1310 489 1338 data
507 1313 560 1338 est.
595 1309 727 1338 coloniae
750 1309 888 1337 deductae
905 1308 1066 1336 Ariminum
1088 1308 1117 1336 in
1134 1307 1252 1341 Piceno,

189 1352 388 1381 Beneventum
404 1354 434 1380 in
447 1351 573 1380 Samnio.
599 1355 669 1380 tunc
685 1351 812 1389 primum
829 1350 956 1389 populus
968 1349 1117 1378 Romanus
1132 1354 1250 1387 argento

190 1395 231 1423 uti
249 1395 353 1433 coepit.
386 1393 485 1422 Umbri
503 1398 530 1421 et
546 1393 698 1422 Sallentini
714 1392 779 1421 victi
805 1393 833 1421 in
850 1392 1025 1420 deditionem
1042 1392 1155 1430 accepti
1172 1396 1248 1421 sunt.

191 1441 377 1474 quaestorum
396 1444 536 1464 numerus
551 1435 706 1473 ampliatus
723 1440 775 1468 est,
793 1439 825 1463 ut
843 1439 939 1463 essent
955 1440 1022 1463 octo.

649 1525 714 1550 LlB.
734 1525 797 1549 XVI.

276 1588 413 1607 remonuit
427 1588 481 1606 Lm.
495 1588 548 1606 xxi.
573 1577 662 1615 Origo
673 1577 954 1614 Carthaginiensium
968 1582 995 1605 et
1007 1575 1163 1614 primordia
1174 1575 1253 1604 urbis

191 1630 291 1649 eorum
307 1621 484 1649 reseruntur.
509 1624 610 1648 contra
628 1628 701 1658 quos
716 1624 744 1648 et
756 1618 924 1653 Hieronem,
941 1627 1038 1656 regem
1054 1618 1251 1656 Syracusano—

191 1672 271 1697 rum,
288 1662 425 1691 auxilium
442 1661 621 1691 Mamertinis
636 1662 786 1690 ferendum
804 1666 921 1690 senatus
938 1660 1067 1694 censuit,
1087 1668 1152 1689 cum
1170 1660 1204 1688 de
1221 1669 1251 1688 ea

191 1715 222 1734 re
239 1705 313 1733 inter
330 1705 495 1739 suadentes,
512 1709 542 1733 ut
555 1704 582 1732 id
595 1704 684 1738 fieret,
701 1703 958 1741 dissuadentesque
972 1702 1120 1731 contentio
1134 1702 1251 1736 suisset;

191 1747 435 1785 transgressisque
452 1751 523 1775 tunc
539 1746 664 1785 primum
681 1755 759 1774 mare
776 1745 951 1774 exercitibus
963 1744 1099 1773 Romanis
1115 1744 1251 1772 adversus

191 1789 349 1817 Hieronem
366 1789 480 1827 saepius
496 1788 571 1817 bene
588 1793 757 1827 pugnatum.
782 1788 893 1826 petenti
911 1796 964 1826 pax
977 1787 1039 1815 data
1053 1791 1104 1814 est.
1129 1786 1251 1814 lustrum

192 1841 205 1859 a
224 1831 393 1859 censoribus
410 1831 573 1865 conditum;
598 1839 683 1859 censa
707 1836 775 1858 sunt
795 1829 900 1858 civium
924 1829 1015 1867 capita
1033 1829 1154 1857 ducenta
1172 1833 1252 1856 octo-

192 1873 271 1910 giuta
285 1873 430 1901 duomilia
443 1873 565 1902 ducenta
578 1872 694 1910 triginta
707 1877 853 1910 quattuor.
878 1871 909 1900 D.
920 1871 1019 1900 lunius
1029 1870 1134 1899 Brutus
1147 1878 1253 1899 munus
