1367 2143
499 98 554 124 LlB.
575 98 736 124 xxxxvtttt.
757 98 780 123 L.
1119 98 1173 126 141

589 190 652 216 LlB.
672 190 697 216 L.

193 252 332 272 reatuum
350 252 404 271 Lm.
422 252 447 271 1..
483 242 640 278 Thessalia,
658 251 724 271 cum
742 247 767 271 et
787 241 863 271 illam
881 241 1016 271 invadere
1032 243 1120 272 armis
1136 248 1177 273 at-

109 294 164 324 que
187 294 333 324 occupare
356 284 623 324 Pseudophilippus
645 284 746 319 vellet,
770 293 822 323 per
845 284 955 322 legatos
978 284 1177 315 Romanorum

108 327 221 357 auxiliis
234 327 418 357 Achaeorum
435 327 553 356 defensa
570 331 622 356 est.
657 326 783 360 Prusias,
800 335 849 356 rex
867 326 1028 365 Bithyniae,
1046 328 1177 357 omnium

107 369 399 408 humillimorumque
423 369 574 404 vitiorum,
598 379 613 398 a
630 368 786 398 Nicomede
811 369 870 397 tilio
894 369 1047 399 adiuvante
1072 370 1177 406 Attalo,

107 421 175 450 rege
189 412 331 450 Pergami,
349 412 463 441 occisus
479 411 602 441 habebat
617 411 741 440 alterum
757 411 848 440 tilium
859 434 866 446 ,
891 411 939 450 qui
956 421 1010 450 pro
1027 413 1178 451 superiore

109 455 211 483 ordine
224 455 354 484 dentium
369 459 486 483 enatum
499 454 633 483 habuisse
647 462 738 482 uuum
759 462 791 483 os
804 453 960 483 continens
973 454 1086 484 dicitur.
1111 464 1177 485 cum

107 502 166 526 tres
182 496 267 535 legati
292 497 326 526 ad
344 505 443 536 pacem
467 497 544 526 inter
560 496 739 525 Nicomeden
765 500 791 525 et
809 496 940 525 Prusiam
965 497 1124 526 taciendam
1142 498 1177 527 ab

108 539 247 569 Romanis
262 539 342 569 missi
359 544 473 574 essent,
498 548 563 568 cum
581 548 657 568 unus
674 548 707 567 ex
723 538 758 568 iis
775 544 860 577 caput
878 538 977 567 multis
994 539 1178 569 cicatricibus

107 591 239 621 sparsum
257 581 386 615 haberet,
402 581 473 610 alter
490 581 613 620 pedibus
625 590 711 619 aeger
724 587 809 616 esset,
828 581 931 610 tertius
943 581 1062 619 ingenio
1076 591 1177 612 socors

107 624 277 659 haberetur,
301 624 369 652 dixit
387 623 456 653 Cato
480 623 610 660 eam1in]
631 623 806 661 legationem
830 633 883 652 nec
906 629 991 663 caput
1017 633 1071 653 nec
1090 625 1178 664 pedes

108 675 162 696 nec
178 675 229 695 cor
245 665 361 695 habere.
396 665 424 694 in
440 665 530 704 Syria,
549 675 622 704 quae
639 675 673 694 eo
692 671 823 705 tempore
840 666 930 704 stirpe
947 666 1063 704 generis
1076 677 1176 706 parem

107 708 167 746 regi
185 708 388 742 Macedonum,
407 708 509 738 inertia
526 708 718 746 socordiaque
735 708 858 737 similem
876 708 995 738 Prusiae
1012 718 1110 747 regem
1126 710 1176 739 ha-

108 751 211 786 bebat,
235 751 348 780 iacente
372 759 405 779 eo
430 751 459 779 in
483 760 573 789 ganea
598 756 625 780 et
642 750 741 780 lustris
757 751 930 780 Ammonius
946 751 1101 789 regnabat,
1125 762 1178 790 per

107 802 193 832 quem
210 798 236 822 et
253 793 337 822 amici
355 802 457 822 omnes
474 793 550 830 regis
567 798 593 822 et
610 793 735 822 Laodice
751 793 851 831 regina
874 798 901 822 et
918 794 1098 831 Antigonus,
1121 794 1177 824 De-

108 835 192 864 metri
210 835 296 869 tilius,
314 835 402 864 occisi
418 841 492 864 sunt.
529 835 695 871 Masinissa,
720 835 871 865 Numidiae
889 845 954 870 rex,
976 836 1068 865 maior
1085 846 1177 866 nona-

106 878 186 915 ginta
203 878 287 907 aunis
306 878 445 912 decessit,
468 878 511 906 vir
533 877 666 916 insignis.
701 878 778 907 inter
802 883 895 907 cetera
919 878 1060 908 iuvenalia
1077 889 1175 918 opera,

108 929 181 959 quae
197 920 231 949 ad
251 919 383 949 ultimum
401 920 499 956 edidit,
516 920 587 949 adeo
604 920 690 949 etiam
701 920 822 949 Veneris
838 929 892 949 usu
906 920 934 949 in
948 926 1065 950 senecta
1076 922 1177 960 viguit,

108 967 138 991 ut
162 966 229 1001 post
253 967 364 991 sextum
389 967 416 991 et
440 962 651 1000 octogesimum
675 971 784 992 annum
808 962 899 992 filium
922 963 1066 1000 genuerit.
1101 964 1178 994 inter

107 1010 166 1034 tres
178 1004 287 1033 liberos
298 1004 360 1033 eius
370 1005 509 1033 maximos
519 1009 588 1034 natu
599 1005 760 1044 Micipsam,
768 1004 932 1041 Gulussam,
942 1005 1176 1042 Mastanabalem,

107 1047 155 1086 qui
183 1047 267 1076 etiam
292 1047 411 1076 Graecis
434 1047 539 1076 litteris
563 1047 693 1076 eruditus
716 1051 792 1082 erat,
817 1047 848 1076 P.
872 1047 971 1086 Scipio
989 1049 1177 1085 Aemilianus,
1202 1058 1206 1063 ·

106 1098 172 1119 cum
189 1098 344 1118 commune
368 1089 409 1118 eis
425 1098 548 1128 regnum
565 1095 646 1128 pater
669 1089 834 1128 reliquisset
852 1094 880 1118 et
906 1090 1034 1120 (lividere
1057 1100 1107 1120 eos
1130 1101 1176 1121 ar-

107 1131 183 1161 bitro
201 1131 340 1170 Scipione
357 1131 496 1167 iussisset,
513 1137 610 1171 partes
625 1132 848 1161 administrandi
865 1133 949 1170 regni
966 1133 1070 1162 divisit.
1106 1134 1177 1163 item

106 1174 248 1203 Phameae
269 1173 442 1209 Himilconi,
468 1174 614 1213 praefecto
639 1175 770 1213 equitum
794 1174 1092 1213 Carthaginiensium,
1116 1177 1176 1206 viro

106 1216 175 1245 sorti
193 1221 220 1245 et
236 1216 320 1245 cuius
336 1217 492 1255 praecipua
508 1226 596 1256 opera
612 1216 704 1245 Poeni
721 1217 892 1252 utebantur,
910 1218 1073 1256 persuasit,
1095 1223 1127 1248 ut
1142 1220 1177 1248 ad

106 1259 254 1288 Romanos
278 1268 344 1288 cum
366 1259 496 1297 equitatu
521 1268 573 1288 suo
597 1259 742 1288 transiret.
777 1269 811 1288 ex
828 1259 920 1289 tribus
936 1260 1054 1298 legatis,
1078 1261 1127 1299 qui
1143 1261 1178 1291 ad

107 1301 287 1330 Masinissam
305 1301 385 1330 missi
403 1306 494 1336 erant,
512 1301 548 1330 M.
567 1301 703 1331 Claudius
719 1301 874 1331 Marcellus
891 1307 989 1332 coorta
1007 1308 1179 1342 tempestate

108 1343 246 1373 fluctibus
263 1343 388 1372 obrutus
404 1348 456 1372 est.
491 1344 748 1382 Carthaginienses
764 1344 991 1380 Hasdrubalem,
1008 1345 1178 1375 Masinissae

107 1390 262 1424 nepotem,
287 1394 373 1424 quem
398 1390 562 1425 praetorem
586 1386 747 1421 habebant,
770 1386 920 1416 hominem
937 1388 1113 1426 proditionis
1129 1398 1178 1418 su-

107 1432 257 1467 spectum,
285 1427 314 1457 in
338 1428 417 1458 curia
441 1429 672 1465 interemerunt;
702 1438 776 1467 quae
799 1429 927 1468 suspicio
953 1430 1019 1459 inde
1042 1431 1177 1467 manavit,

108 1470 185 1509 quod
215 1470 401 1509 propinquus
433 1477 508 1500 esset
537 1471 693 1507 Gulussae,
728 1471 876 1501 Romanos
905 1473 1012 1502 auxilio
1044 1473 1178 1503 iuvantis.

107 1512 138 1541 P.
156 1512 254 1551 Scipio
272 1512 460 1549 Aemilianus,
478 1523 544 1543 cum
560 1513 735 1543 aedilitatem
758 1519 879 1552 peteret,
903 1515 1006 1545 consul
1029 1525 1043 1545 a
1066 1516 1177 1555 populo

107 1554 212 1584 dictus.
249 1555 386 1593 quoniam
403 1565 455 1594 per
471 1565 564 1585 annos
581 1556 694 1586 consuli
711 1556 773 1585 fieri
788 1565 847 1585 non
860 1556 974 1593 licebat,
992 1567 1057 1587 cum
1070 1567 1177 1597 niagno

107 1597 266 1626 certamine
282 1597 510 1636 suffragantibus
526 1598 638 1638 plebeis
661 1603 689 1628 et
710 1599 945 1637 repugnantibus
967 1600 992 1629 ei
1008 1600 1177 1639 aliquandiu

106 1639 248 1678 patribus,
262 1639 375 1678 legibus
387 1640 501 1670 solutus
514 1646 542 1670 et
555 1641 659 1670 consul
672 1646 786 1670 creatus
794 1647 841 1670 esc.
864 1641 908 1670 Μ’.
920 1642 1055 1672 Manilius
1067 1643 1180 1682 aliquot

107 1681 194 1711 urbes
210 1682 433 1721 circumpositas
450 1683 617 1722 Carthagini
641 1683 826 1723 expugnavit.
860 1684 1131 1725 Pseudophilippus
1147 1686 1176 1715 in

106 1724 275 1754 Macedonia
298 1734 381 1754 caeso
405 1734 471 1754 cum
496 1726 623 1755 exercitu
640 1726 670 1755 P.
688 1726 820 1755 Iuventio
837 1731 973 1765 praetore
996 1728 1031 1757 ab
1055 1727 1088 1762 Q.
1106 1728 1176 1758 Cae-

107 1766 173 1795 cilio
189 1767 282 1796 victus
299 1773 460 1807 captusque
477 1773 518 1797 est
536 1773 564 1798 et
577 1774 694 1808 recepta
709 1768 888 1798 Macedonia.

177 1826 198 1849 7.
218 1826 333 1856 legati..
345 1827 376 1850 ab
395 1825 520 1850 [fontanis
538 1829 612 1850 missi
630 1828 723 1856 essent]
744 1826 806 1850 nach
826 1827 880 1855 Gr.;
900 1827 1017 1853 Hdschr.:
1041 1829 1142 1860 legatos
1157 1849 1178 1854 ..

108 1858 144 1881 ad
160 1857 290 1883 Romanos
309 1861 382 1883 missi
401 1862 567 1886 essent—S.
587 1870 620 1885 ea·
639 1862 681 1890 iis]
701 1860 818 1885 Htlsclm:
837 1870 871 1886 et
890 1863 938 1886 his.
954 1877 987 1880 —
1006 1866 1028 1887 9.
1047 1865 1178 1894 spat-snm]

109 1891 171 1915 nach
187 1892 312 1924 jungeren
331 1893 448 1921 Hdschr.;
468 1894 518 1926 vgl.
539 1894 588 1919 Liv.
609 1897 649 1921 41.
669 1897 709 1921 21.
732 1896 774 1920 13:
794 1894 865 1919 Naz.:
889 1904 1005 1922 sar-sum:
1025 1896 1103 1921 Jahn:
1121 1905 1178 1921 sal·-

109 1927 172 1949 tum.
190 1940 222 1943 —
244 1928 280 1952 10.
300 1936 355 1951 eum
375 1929 432 1958 tint:
459 1928 522 1953 nach
542 1929 580 1953 ed.
601 1937 648 1962 pr.:
675 1928 792 1954 Hdschr.:
817 1938 873 1954 eum
896 1932 932 1955 in.
951 1945 985 1948 —
1011 1933 1047 1955 Π.
1070 1931 1179 1955 lenes-is

1202 630 1229 654 10

1202 842 1229 866 15

1202 1478 1230 1501 30

1201 1690 1229 1713 35
