1367 2143
455 103 676 129 PROfflGtsfflvm
697 102 795 128 LlBER.
1100 99 1160 129 203

175 194 211 222 51
231 190 327 232 [1111.
359 192 388 221 C.
407 191 502 220 Caelio
519 190 550 219 L.
576 190 702 219 Domitio
730 188 900 218 oonsulibus
924 187 1094 217 novendiale
1116 197 1162 217 sa-

89 244 171 265 crum
189 234 250 266 snit.
270 234 346 272 qnod
362 234 390 263 in
405 233 509 262 Volsca
525 237 612 271 gente
630 232 775 270 lapidibus
792 231 913 269 pluerat.
943 230 1080 259 Vulsiniis
1093 230 1161 259 luna

91 286 161 307 nova
179 277 280 305 defecit
297 282 322 305 et
338 286 396 305 nnn
411 276 466 305 nisi
480 279 598 314 postero
613 274 657 303 die
672 275 741 303 liora
758 274 842 303 tertia
860 273 1033 311 comparuit.
1064 272 1161 311 puella

90 320 199 358 biceps,
219 319 385 357 quadripes,
410 317 615 356 quadrimana,
632 317 748 355 gemina
766 316 891 345 l'eminoa
916 321 1019 345 natura
1047 320 1160 344 mortua

90 367 166 392 nata.
199 362 257 391 avis
274 361 453 390 incendiaria
470 361 528 390 visa
546 360 710 397 occisaqne.
742 360 772 388 in
790 358 916 387 Vestinis
934 359 962 387 in
979 358 1043 387 villa
1060 357 1162 396 lapidi-

90 405 144 434 bns
167 405 250 443 pluit.
282 406 325 433 l'ax
343 404 371 432 in
397 403 476 432 caelo
498 403 631 441 apparuit
650 406 675 431 et
694 406 788 431 totum
811 401 922 429 caelum
941 401 1043 429 ardere
1060 400 1161 429 visum.

88 453 164 476 terra
188 447 332 485 sanguine
354 446 479 475 manavit
503 450 530 474 et
554 444 711 473 concrevit.
744 452 831 473 canes
853 452 920 473 saxa
944 443 1054 481 tegulas
1076 443 1162 481 vulgo

89 494 236 518 roscrunt.
271 489 398 518 Faesulis
411 489 516 526 ingens
533 487 688 516 multitudo
702 487 778 516 inter
791 485 925 524 sepulcra
941 485 1057 523 lugubri
1074 489 1162 519 veste,

88 532 193 570 pallida
216 531 287 560 t'acie
311 531 438 560 interdiu
461 530 611 559 ambulare
633 530 773 567 gregatim
794 529 861 557 visa.
891 537 944 566 per
962 527 1093 556 Nasicam
1111 527 1162 556 Hi-

87 574 206 612 spaniae
223 573 386 612 principes,
405 573 454 611 qui
472 572 667 605 rebellabant,
689 571 834 610 supplicio
852 570 1019 608 consumpti
1040 569 1164 599 urbibus

88 617 201 645 dirutis.

183 660 221 688 52
238 656 334 698 [112]ι
372 658 401 686 C.
426 657 538 686 valerio
562 657 598 686 M.
622 655 774 685 Herennio
804 655 976 685 consulibus
1003 655 1113 684 Romae
1136 660 1160 683 et

88 702 163 730 circa
187 700 308 729 fulmine
333 700 472 738 pleraque
489 700 620 728 decussa.
652 698 755 727 ancilla
773 707 897 735 puerunt
920 698 1094 726 unimanum
1112 706 1162 736 pe-

88 743 173 783 perit.
206 742 345 780 Fregellis
360 742 445 771 aedes
461 741 590 780 Neptuni
608 746 694 770 nocte
713 741 863 779 patefacta.
895 740 983 769 maris
998 740 1078 768 vituli
1096 749 1162 768 cum

88 791 152 815 exta
175 786 380 816 demerentur,
400 784 509 822 gemini
531 784 619 813 vitelli
637 784 666 812 in
690 783 751 812 alvo
770 783 832 811 eius
848 782 969 811 inventi.
996 782 1102 811 Arretii
1126 782 1164 811 si-

87 837 178 867 gnnm
203 836 327 857 aeneum
345 827 480 855 Mercurii
497 826 618 855 sudavit.
656 826 684 855 in
709 825 835 854 Lucanis
857 834 976 863 gregem
999 833 1162 856 vervecum.

88 879 154 899 cum
173 874 351 908 pasceretur,
369 874 395 897 et
414 874 500 897 nocte
517 869 545 897 in
564 868 678 898 stabulo
700 868 812 897 flamma
830 867 1008 896 circumdata
1025 867 1163 896 1111111311-

89 913 170 942 ussit.
202 912 345 941 Carseolis
369 916 487 941 torrens
512 911 665 949 sanguinis
689 911 780 939 fluxit.
811 910 872 948 lupi
898 909 1001 939 urbem
1030 910 1163 948 ingressi.

89 956 247 984 Praeneste
264 955 328 983 lana
345 954 480 983 volitavit.
512 954 540 982 in
559 954 662 992 Apulia
681 953 757 982 mula
774 952 898 990 peperit.
930 952 1033 981 milvus
1046 952 1074 981 in
1092 952 1162 981 aede

88 997 231 1035 Apollinis
248 997 357 1026 Romae
373 997 615 1034 comprehensus.
641 995 792 1024 Herennio
809 994 923 1024 consuli
942 994 985 1024 bis
1001 995 1162 1024 immolanti
1188 1004 1193 1008 ·

88 1045 175 1078 caput
199 1039 336 1068 iocineris
358 1038 458 1067 defuit.
491 1038 519 1067 in
544 1047 626 1067 sacro
651 1037 817 1067 novendiali
839 1046 912 1066 ecna
937 1037 1008 1065 deae
1031 1037 1123 1075 posita
1147 1046 1162 1066 a

88 1091 159 1111 cane
177 1082 261 1111 adesa
278 1086 345 1110 ante
368 1090 456 1119 quam
472 1081 660 1110 delibaretur.
693 1079 831 1109 Vulsiniis
855 1080 948 1117 prima
965 1079 1029 1108 luce
1047 1080 1161 1109 flamma

88 1125 167 1154 caelo
182 1124 306 1153 emicare
320 1124 391 1159 visa3
409 1132 476 1152 cum
490 1123 518 1152 in
534 1132 624 1152 unum
639 1123 754 1157 coisset,
769 1132 801 1151 os
814 1122 946 1151 tlammae
960 1122 1162 1160 ferrugineum

89 1166 225 1201 ostendit,
243 1167 354 1195 eaelum
371 1166 464 1195 visum
481 1165 640 1199 discedere,
660 1175 674 1194 e
692 1165 775 1194 cuius
792 1164 872 1193 hiatu
890 1164 1013 1193 vertices
1030 1165 1160 1194 [lammae

87 1214 298 1248 apparuerunt.
323 1208 545 1237 lustrationibus
557 1217 698 1246 prospere
712 1207 869 1246 expiatum.
895 1216 961 1236 nam
975 1211 1055 1236 totus
1067 1216 1163 1237 annus

88 1252 165 1281 domi
182 1252 312 1289 forisque
330 1251 506 1289 tranquillus
522 1251 584 1279 suit.

174 1294 213 1324 53
232 1292 327 1334 [113].
360 1293 389 1322 C.
408 1293 528 1322 Claudio
545 1293 582 1322 M.
599 1293 748 1331 Perperna
766 1292 938 1321 consulibus
955 1291 1035 1321 bubo
1049 1292 1078 1321 in
1092 1292 1162 1321 aede

89 1337 237 1366 Fortunae
255 1336 399 1374 equestris
416 1336 648 1374 comprehensus
665 1335 743 1364 inter
757 1344 861 1364 manus
878 1335 1027 1373 expiravit.
1054 1334 1162 1363 Faesu-

88 1380 122 1408 lis
139 1379 272 1408 l'remitus
297 1383 391 1407 terrae
408 1378 532 1407 auditus.
564 1387 638 1416 puer
654 1387 687 1406 ex
709 1377 812 1406 ancilla
831 1381 916 1406 natus
931 1377 995 1406 sine
1018 1377 1161 1406 foramine.

89 1427 218 1455 naturae,
236 1430 291 1459 qua
309 1421 415 1449 humor
431 1421 581 1449 emittitur.
605 1420 710 1449 mulier
722 1419 831 1458 duplici
846 1424 948 1448 natura
966 1419 1093 1449 inventa.
1118 1420 1163 1448 fax

89 1464 117 1493 in
143 1464 223 1493 eaelo
247 1464 313 1492 visa.
346 1463 399 1492 bos
424 1463 529 1492 locuta.
561 1472 682 1491 examen
708 1462 807 1500 apium
827 1462 856 1490 in
882 1462 1010 1491 culmine
1034 1462 1162 1500 privatae

88 1507 192 1535 doinus
209 1505 351 1535 consedit.
376 1505 536 1534 volaterris
552 1505 703 1544 sanguinis
716 1505 794 1533 rivus
806 1505 940 1533 manavit.
965 1504 1073 1533 Romae
1090 1505 1162 1533 lacte

89 1549 171 1588 pluit.
214 1548 319 1577 Arretii
341 1548 399 1577 dno
423 1548 587 1586 androgyni
610 1547 731 1576 inventi.
774 1547 871 1585 pullus
893 1547 1072 1584 gallinaceus
1091 1556 1162 1585 qua-

89 1592 186 1629 dripes
200 1595 294 1620 natus.
322 1590 443 1619 fulmine
460 1590 676 1628 pleraqueicta.
700 1589 875 1628 supplicatio
889 1590 951 1618 fuit.
974 1589 1162 1628 populnsCe-

89 1634 146 1662 reri
166 1638 191 1662 et
210 1633 404 1671 Proserpinae
421 1633 526 1671 stipem
543 1633 617 1662 tulit.
650 1632 778 1671 virgines
795 1632 896 1670 viginti
913 1637 1024 1670 septem
1042 1641 1160 1661 carmen

88 1681 228 1705 canentes
245 1675 348 1704 urbem
366 1675 573 1704 lustraverunt.
604 1675 757 1704 Medorum
770 1674 799 1704 in
814 1674 984 1704 Macedonia
1002 1684 1075 1713 gens
1092 1684 1162 1713 pro-

89 1718 212 1748 vineiam
230 1723 353 1747 eruente
369 1717 496 1747 vastavit.

175 1763 213 1791 54
231 1758 327 1801 [114]
358 1760 389 1789 L.
407 1760 497 1789 Mario
515 1760 580 1790 Sex.
598 1760 671 1789 Iulio
694 1759 866 1789 consulibus
890 1759 969 1788 Livio
992 1759 1086 1788 Druso
1110 1760 1162 1788 tri-

90 1802 170 1832 buno
190 1803 282 1841 plebis
299 1803 378 1841 leges
392 1803 504 1832 serente
518 1812 584 1832 cum
599 1803 707 1832 bellum
720 1802 851 1831 Italicum
869 1807 1073 1840 consurgeret,
1091 1811 1162 1840 pro-

91 1845 165 1883 digia
182 1845 271 1874 multa
288 1850 490 1884 apparuerunt
507 1845 581 1874 urbi.
614 1845 668 1875 sub
687 1849 751 1873 ortu
769 1844 838 1873 solis
855 1844 959 1882 globus
976 1844 1051 1883 ignis
1065 1854 1078 1873 a
1096 1854 1163 1883 sep-

90 1888 258 1917 tentrionali
274 1888 395 1926 regione
412 1897 478 1917 cum
495 1888 609 1927 ingenti
626 1897 700 1917 sono
715 1887 786 1916 caeli
804 1886 931 1916 emicuit.
960 1887 1064 1916 Arretii
1081 1887 1162 1916 fran-

158 1946 197 1971 30.
218 1947 278 1977 qua]
298 1945 368 1970 HJM.
388 1948 527 1971 vermutet:
549 1954 609 1977 quo.

1188 574 1214 598 10

1188 786 1215 810 15

1187 1211 1214 1236 8?-

1186 1424 1215 1448 30

1185 1849 1213 1873 40
