1367 2143
468 122 523 147 LIB.
542 120 806 146 Lxxxl-Lxxxvt.
1110 115 1169 144 159

183 211 198 229 ‘⁸'
216 208 245 247 [η’-
262 209 292 238 L.
307 209 399 238 Cinna
417 212 552 247 quartum
570 211 596 236 et
614 207 665 236 Cn.
682 206 816 245 Papirius
833 205 947 235 iterum.
980 204 1024 234 liis
1040 203 1169 233 consuli-

99 252 153 283 bus
169 252 264 281 Asiam
289 251 317 280 in
342 256 480 290 quattuor
504 255 531 279 et
554 248 743 288 quadraginta
768 247 904 286 regiones
921 246 999 277 Sulla
1023 246 1168 276 distribuit

101 296 136 329 (a.
154 303 182 323 u.
200 304 224 323 c.
243 295 320 329 6703
339 303 362 323 a.
380 293 446 323 Chr.
465 303 492 322 n.
511 293 572 323 84».
607 290 729 321 Cassiod.
746 290 853 326 chron.l

523 374 553 399 LI
562 374 587 399 Β.
609 373 743 399 Lxxxntt.

183 438 319 458 PERIOCHA
345 437 398 456 mn.
423 436 546 456 Lxxxuu.
588 426 664 465 Sylla
692 425 810 464 legatis,
839 424 887 463 qui
915 433 930 453 a
959 429 1060 453 senatu
1088 423 1168 452 missi

99 476 194 506 erant,
219 471 348 500 futurum
365 469 440 499 sein
457 473 600 508 potestate
624 473 741 497 senatus
764 466 931 506 respondit,
954 465 976 495 si
1002 466 1094 501 cives,
1118 465 1167 504 qui

98 513 174 552 pulsi
197 522 212 542 a
229 513 321 542 Cinna
345 512 379 542 ad
396 522 426 541 se
442 511 651 549 confugerant,
676 509 909 539 restituerentur.
943 517 1017 547 quae
1033 507 1167 537 condicio

98 565 163 585 cum
187 556 262 585 iusta
285 554 398 584 senatui
415 554 576 588 videretur,
601 562 652 592 per
669 552 831 581 Carbonem
856 550 1070 589 factionemque
1095 550 1166 584 eius,

98 598 143 627 cui
161 597 270 627 bellum
286 596 434 626 videbatur
450 595 567 630 utilius,
592 605 628 624 ne
645 594 829 627 conveniret,
853 593 987 622 effectum
1005 597 1057 622 est.
1092 592 1167 621 idem
1190 597 1204 620 5

98 639 201 675 Carbo,
216 648 281 668 cum
295 639 330 668 ab
343 637 585 667 omnibusltaliae
599 637 716 676 oppidis
729 636 912 674 coloniisque
925 635 1040 665 obsides
1053 634 1167 673 exigere

96 682 191 716 vellet,
208 686 240 710 ut
256 681 341 710 tidem
358 689 458 710 eorum
476 685 576 709 contra
592 679 699 718 Syllam
717 678 868 717 obligaret,
885 687 1030 707 consensu
1049 681 1167 707 senatus

94 723 263 763 prohibitus
280 728 331 752 est.
364 723 446 752 novis
461 722 572 752 civibus
588 725 706 751 senatus
722 721 856 750 consulto
881 720 1050 758 suffragium
1067 720 1167 749 datum

96 771 147 796 est.
183 765 216 800 Q.
234 765 366 795 Metellus
382 765 468 800 Pius,
486 765 534 803 qui
552 769 649 803 partes
665 763 847 802 optimatium
865 767 982 792 secutus
999 767 1076 798 erat,
1100 770 1166 791 cum

98 809 126 838 in
145 808 240 838 Africa
257 808 366 837 bellum
382 807 545 841 moliretur,
562 816 576 835 a
594 806 624 835 C.
638 805 727 835 Fabio
745 811 878 844 praetore
895 805 997 844 pulsus
1013 810 1065 839 est,
1082 813 1166 834 sena·
1191 809 1217 833 10

97 857 200 890 tusque
218 850 386 879 consultum
404 859 456 889 per
472 849 627 878 factionem
641 848 782 877 Carbonis
796 853 823 877 et
837 847 1030 877 Marianarum
1042 847 1167 886 partium

96 894 204 923 sactum
228 898 285 927 est,
311 897 340 922 ut
364 901 466 922 omnes
483 891 592 930 ubique
618 890 761 920 exercitus
778 890 1004 919 dimitterentur.
1039 888 1166 919 libertini

97 936 125 965 iu
145 935 276 974 quinque
293 940 319 964 et
337 935 454 973 triginta
472 933 564 964 tribus
582 933 730 962 distributi
747 938 824 962 sunt.
861 937 1008 971 praeterea
1031 931 1098 961 belli
1116 940 1166 970 ap-

96 982 238 1017 paratum,
256 977 334 1016 quod
351 981 451 1006 contra
469 976 576 1015 Syllam
594 975 782 1011 excitabatur,
799 975 940 1004 continet.

528 1058 594 1083 LIB.
615 1058 733 1083 Lxxxv.

180 1121 317 1142 panicum
335 1121 389 1140 Liss.
407 1120 506 1140 mxxv.
543 1110 623 1150 Sylla
645 1111 675 1139 in
695 1109 804 1139 Italiam
829 1118 894 1139 cum
912 1109 1039 1139 exercitu
1057 1108 1168 1138 traiecit

95 1155 248 1193 missisque
265 1154 375 1192 legatis,
392 1154 441 1192 qui
459 1154 493 1182 de
511 1162 582 1192 pace
598 1157 728 1191 agerent,
746 1158 774 1181 et
790 1152 824 1181 ab
841 1152 963 1181 consule
980 1151 1010 1180 C.
1028 1151 1165 1180 Norbano

95 1197 206 1227 violatis
230 1197 354 1226 eundem
372 1196 542 1225 Norbanum
567 1195 679 1234 proelio
702 1195 779 1224 vicit.
811 1200 838 1224 et
863 1203 928 1223 cum
952 1194 984 1223 L.
1009 1193 1166 1233 Scipionis,

95 1240 214 1269 alterius
231 1239 376 1273 consulis,
402 1247 468 1268 cum
485 1247 542 1276 quo
560 1247 612 1277 per
632 1237 729 1266 onmia
746 1237 772 1266 id
790 1241 903 1275 egerat,
928 1241 958 1265 ut
981 1245 1082 1275 pacem
1099 1236 1165 1265 iun-

95 1287 184 1320 geret,
203 1291 257 1311 nec
274 1286 422 1320 potuerat,
441 1285 533 1310 castra
551 1285 776 1319 oppugnaturus
792 1284 883 1313 esset,
905 1279 1060 1308 universus
1084 1287 1165 1307 exer·
1190 1283 1204 1307 5

94 1325 172 1353 citus
194 1324 323 1353 consulis
345 1323 517 1352 sollicitatus
541 1332 592 1361 per
615 1322 736 1351 emissos
758 1331 772 1351 a
797 1321 873 1360 Sylla
898 1321 1004 1350 milites
1027 1321 1109 1359 signa
1132 1321 1166 1350 ad

95 1366 202 1405 Syllam
219 1365 376 1395 transtulit.
411 1365 526 1404 Scipio,
543 1374 609 1394 cum
627 1364 719 1394 occidi
737 1369 851 1403 posset,
875 1364 1011 1393 dimissus
1028 1368 1079 1393 est.
1114 1363 1166 1392 Cn.

94 1409 261 1447 Pompeius,
279 1408 331 1437 Cn.
347 1408 467 1447 Pompei
484 1407 569 1442 filius,
587 1408 659 1442 eius,
677 1407 725 1445 qui
739 1406 877 1436 Asculum
895 1412 1021 1445 ceperat,
1039 1406 1168 1445 privatus

94 1451 262 1490 conscripto
279 1450 510 1480 voluntariorum
527 1450 655 1479 exercitu
671 1458 738 1478 cum
754 1449 848 1478 tribus
865 1448 1031 1486 legionibus
1047 1448 1082 1477 ad
1099 1447 1162 1487 Syl-

95 1494 149 1523 lam
166 1498 297 1529 venerat;
321 1493 356 1522 ad
373 1502 460 1531 quem
476 1502 507 1522 se
524 1492 661 1521 nobilitas
681 1491 776 1520 omnis
792 1492 978 1527 conserebat,
1004 1491 1043 1520 ita
1068 1495 1099 1520 ut
1115 1491 1165 1519 de·
1190 1495 1216 1518 10

94 1541 169 1565 serta
186 1535 258 1565 urbe
273 1536 308 1565 ad
325 1541 416 1564 castra
433 1535 590 1564 veniretur.
625 1538 775 1573 praeterea
792 1534 993 1573 expeditiones
1009 1542 1062 1572 per
1078 1538 1166 1562 totam

95 1578 204 1608 ltaliam
222 1578 375 1616 utriusque
391 1578 483 1617 partis
499 1578 606 1607 ducum
623 1577 802 1606 referuntur.

178 1639 192 1656 *
210 1636 240 1675 Η·
256 1636 287 1665 L.
306 1636 404 1676 Scipio
428 1641 455 1666 et
479 1636 510 1666 C.
526 1636 691 1666 Norbanus.
730 1635 774 1664 his
797 1634 969 1664 consulibus
991 1634 1165 1673 Capitolium

94 1680 247 1710 custodum
265 1679 449 1717 neglegentia
467 1683 671 1709 concrematur
688 1680 725 1707 (a.
742 1687 770 1707 u.
787 1687 812 1706 c.
829 1679 907 1713 6813
930 1687 954 1706 a.
972 1676 1038 1706 Chr.
1058 1687 1085 1706 n.
1103 1677 1163 1712 83).

98 1722 221 1752 Cassiod.
239 1722 347 1758 clarem!

522 1771 590 1796 LIB.
610 1770 739 1796 Lxxxvl.

178 1824 315 1845 κῆποι-,ΗΑ
332 1824 386 1844 Lin.
404 1823 514 1844 Lxxxw.
549 1814 620 1845 Cum
638 1814 668 1843 C.
687 1813 804 1849 Marius,
823 1813 853 1842 C.
871 1813 941 1843 Mari
958 1812 1044 1847 filius,
1062 1811 1165 1842 consul

93 1862 160 1886 ante
182 1867 276 1887 annos
300 1857 399 1896 viginti
423 1866 475 1896 per
495 1857 551 1887 vim
574 1861 688 1887 creatus
711 1860 802 1891 esset,
832 1855 861 1885 C.
885 1855 992 1885 Fabius
1016 1855 1044 1883 in
1070 1854 1166 1884 Africa

94 1903 214 1939 propter
238 1900 437 1930 crudelitatem
461 1903 490 1929 et
513 1900 659 1930 avaritiam
683 1908 763 1928 suam
787 1898 816 1928 in
840 1898 987 1938 praetorio
1010 1906 1062 1926 suo
1086 1897 1166 1926 vivus

94 1946 212 1971 exustus
228 1947 279 1972 est.
312 1942 342 1971 L.
361 1942 523 1982 Philippus,
541 1943 653 1982 legatus
670 1942 782 1981 Syllae,
807 1941 968 1971 Sardiniam
986 1940 1018 1974 Q.
1036 1939 1165 1969 Antonio
