1367 2143
157 885 184 909 10

152 1487 178 1511 10

149 1696 177 1720 15

213 79 273 108 158
453 82 481 107 T.
502 82 561 108 LlVl
580 83 760 109 PERIOCHAE
779 85 819 111 ET
839 86 1046 114 FRAGMENTA.

211 165 310 195 labore
333 175 513 206 expugnare,
542 168 608 197 urbi
631 169 792 200 libertatem
816 176 844 201 et
864 181 938 211 quae
958 173 1119 204 habuerant
1141 173 1274 204 reddidit.

211 207 369 246 Magnesia,
387 218 460 247 quae
476 209 536 239 sola
552 210 582 239 in
599 211 664 240 Asia
681 212 780 242 civitas
796 213 825 242 in
842 214 898 243 fide
914 221 1072 253 manserat,
1089 224 1200 245 summa
1216 216 1273 245 vir—

213 254 275 279 tute
300 251 436 280 adversus
458 251 642 282 Mithridaten
670 254 787 284 defensa
813 260 865 285 est.
911 263 1059 295 praeterea
1086 259 1273 288 excursiones

211 292 356 321 Thracum
372 293 402 322 in
419 293 616 324 Macedoniam
633 296 772 326 continet.

280 360 301 382 3.
313 362 477 390 empugnare]
489 369 516 386 so
527 361 586 386 Naz.
595 373 599 391 ς
607 363 680 393 jung.
690 362 807 389 Hdschr.;
819 366 998 396 eoepugnaztz't3
1009 364 1086 390 Jahn:
1101 368 1275 397 empngnaret.

644 455 661 479 L
667 455 676 479 1
682 455 709 480 Β.
728 455 844 481 Lxxxn.

294 513 430 533 PERIOCHA
454 514 509 534 Lm.
532 515 636 535 Lxxxu.
675 506 751 545 Sylla
774 507 872 546 copias
894 508 986 546 regis,
1010 517 1083 547 quae
1104 508 1271 538 Macedonia

210 550 348 584 occupata
372 546 401 575 in
424 546 600 577 Thessaliam
621 553 774 584 venerant,
805 549 917 588 proelio
941 550 1008 579 vicit
1030 550 1120 580 caesis
1142 551 1270 580 hostium

209 591 327 616 centum
351 588 468 619 milibus
490 594 517 619 et
533 591 635 620 castris
659 600 776 630 quoque
793 592 974 630 expugnatis.
1013 596 1150 622 renovato
1166 593 1270 622 deinde

208 627 284 658 bello
308 630 412 660 iterum
437 633 595 661 exercitum
618 633 694 670 regis
717 633 790 662 fudit
814 643 847 663 ac
869 634 981 663 delevit.
1022 634 1178 664 Archelaus
1204 643 1270 664 cum

209 670 299 700 classe
315 673 393 710 regia
410 673 504 712 Syllae
526 683 556 703 se
579 675 703 704 tradidit.
738 675 770 703 L.
786 674 916 705 Valerius
933 675 1053 705 Flaccus
1068 676 1186 711 consul,
1210 676 1271 706 col-

208 711 271 750 lega
288 713 406 750 Cinnae,
424 716 546 751 missus,
564 722 595 746 ut
611 716 704 754 Syllae
721 718 905 753 succederet,
929 722 1049 756 propter
1064 719 1210 747 avaritiam
1226 719 1271 747 in-

207 754 285 784 visus
301 757 439 786 exercitui
456 767 508 787 suo
525 767 540 787 a
557 758 587 788 C.
604 758 746 793 Fimbria,
763 758 858 797 legato
877 760 985 798 ipsius,
1002 760 1119 789 ultimae
1135 761 1272 790 audaciae

207 797 335 834 homine,
353 799 467 828 occisus
482 804 526 829 est
542 805 570 829 et
586 800 740 839 imperium
756 801 790 830 ad
804 801 960 830 Fimbriam
976 802 1155 831 translatum.
1188 812 1272 841 prae-

208 844 284 869 terea
302 846 482 879 expugnatae
499 842 528 870 in
545 842 611 871 Asia
627 842 714 871 urbes
731 852 745 871 a
763 843 926 872 Mithridate
943 849 971 873 et
987 844 1143 873 crudeliter
1160 844 1270 883 direpta

208 882 357 920 provincia
373 883 610 923 incursionesque
626 884 771 914 Thracum
788 885 818 914 in
836 885 1034 915 Macedoniam
1051 886 1228 916 reseruntur.

278 951 313 974 lo.
334 950 559 982 incursionesque]
579 951 642 975 nach
657 951 730 983 jung.
750 950 853 976 Hdschr.
873 951 925 976 und
948 951 991 976 der
1010 952 1047 977 ed.
1067 960 1117 984 p1·.;
1143 952 1209 977 Jahn
1227 953 1269 977 mit

206 982 279 1007 Naz.:
300 984 471 1008 incursiones.

634 1051 650 1075 L
659 1051 667 1075 1
676 1051 702 1075 B.
722 1051 847 1075 Lxxxtn.

289 1112 425 1132 pealocuA
442 1112 496 1131 ΜΒ.
513 1111 628 1131 Lxxxui.
664 1102 777 1132 Flavius
792 1102 919 1132 Fimbria
940 1103 969 1132 in
987 1103 1052 1132 Asia
1068 1103 1139 1132 fusis
1155 1104 1267 1142 proelio

203 1145 314 1184 aliquot
329 1145 483 1184 praefectis
500 1144 673 1174 Mithridatis
689 1145 792 1174 urbem
809 1144 982 1183 Pergamum
1006 1145 1082 1184 cepit
1103 1145 1268 1175 obsessum-

204 1196 259 1226 que
277 1196 374 1225 regem
392 1196 450 1215 non
468 1186 591 1216 multum
607 1187 679 1216 afuit
702 1187 772 1225 quin
793 1192 917 1225 caperet.
951 1187 1052 1216 urbem
1069 1187 1169 1223 Ilium,
1194 1198 1268 1227 quae

204 1239 234 1258 se
250 1229 383 1268 potestati
401 1228 495 1267 Syllae
511 1228 689 1265 reservabat,
717 1229 891 1268 expugnavit
911 1238 943 1258 ac
959 1229 1063 1258 delevit
1087 1234 1114 1259 et
1129 1239 1263 1268 magnam
1291 1246 1296 1250 ·
1336 1218 1337 1238 ἶ

203 1276 313 1310 partem
328 1271 410 1300 Asiae
426 1271 545 1310 recepit.
574 1270 649 1309 Sylla
667 1271 867 1310 compluribus
883 1271 1002 1310 proeliis
1014 1271 1140 1301 Thracas
1152 1273 1265 1302 cecidit.

203 1322 268 1343 cum
285 1313 315 1342 L.
329 1313 421 1342 Cinna
435 1318 462 1343 et
474 1313 526 1342 Cn.
539 1312 672 1352 Papirius
684 1313 786 1349 Carbo,
803 1323 817 1342 a
835 1322 865 1342 se
881 1313 951 1352 ipsis
968 1313 1103 1342 consules
1119 1323 1172 1353 per
1184 1314 1265 1344 bien-

204 1356 283 1385 nium
302 1356 399 1390 creati,
416 1355 525 1384 bellum
539 1360 640 1384 contra
654 1355 760 1393 Syllam
774 1360 989 1394 praepararent,
1007 1355 1142 1385 effectum
1159 1361 1202 1386 est
1214 1366 1266 1395 per

203 1397 235 1426 L.
247 1397 390 1426 Valerium
400 1397 546 1432 Flaccum,
564 1397 728 1436 principem
741 1402 867 1433 senatus,
885 1398 934 1436 qui
948 1398 1108 1427 orationem
1121 1398 1150 1427 in
1164 1403 1265 1428 senatu

202 1439 313 1474 habuit,
329 1444 357 1468 et
373 1449 424 1478 per
440 1448 499 1473 eos,
516 1439 564 1478 qui
582 1440 755 1468 concordiae
771 1439 940 1478 studebant,
959 1445 991 1469 ut
1006 1440 1091 1477 legati
1107 1440 1142 1469 ad
1159 1439 1265 1479 Syllam

201 1482 235 1511 de
252 1491 323 1520 pace
339 1482 532 1511 mitterentur.
567 1481 659 1510 Cinna
681 1481 716 1510 ab
734 1481 863 1511 exercitu
879 1491 948 1517 suo,
972 1491 1058 1520 quem
1075 1482 1199 1511 invitum
1216 1492 1265 1512 co-

202 1523 287 1562 gebat
304 1533 390 1553 naves
405 1523 603 1553 conscendere
616 1530 643 1552 et
655 1524 790 1553 adversus
803 1523 910 1561 Syllam
924 1524 1078 1562 proficisci,
1096 1524 1265 1554 interfectus

202 1571 259 1602 est;
285 1566 467 1595 consulatum
485 1565 577 1595 Carbo
601 1565 680 1595 solus
701 1566 797 1604 gessit.
836 1565 928 1604 Sylla,
953 1575 1018 1595 cum
1041 1566 1070 1594 in
1089 1566 1184 1595 Asiam
1207 1571 1264 1596 tra-

202 1608 325 1642 iecisset,
342 1617 443 1647 pacem
460 1618 526 1637 curn
538 1608 702 1638 Mithridate
718 1608 794 1643 fecit,
811 1608 848 1637 ita
866 1608 953 1637 uthis
965 1608 1078 1637 cederet
1091 1608 1261 1646 provinciis:

203 1650 283 1685 Asia,
307 1650 457 1689 Bithynia,
484 1650 673 1689 Cappadocia.
705 1650 831 1679 Fimbria
847 1650 979 1679 desertus
995 1650 1029 1679 ab
1047 1650 1190 1686 exercitu,
1214 1650 1262 1688 qui

200 1693 235 1722 ad
252 1692 359 1731 Syllam
385 1693 551 1728 transierat,
574 1692 636 1731 ipse
658 1702 688 1722 se
711 1692 855 1731 percussit
879 1692 1100 1731 impetravitque
1124 1692 1158 1721 de
1180 1701 1262 1721 servo

202 1744 253 1764 suo
273 1734 415 1773 praebens
432 1735 583 1769 cervicem,
599 1739 631 1764 ut
648 1744 678 1764 se
695 1735 848 1764 occideret.

286 1810 355 1846 *20)
369 1810 483 1841 Eversis
496 1811 605 1851 quippe
618 1815 646 1839 et
657 1810 784 1839 incensis
796 1809 933 1839 omnibus
945 1818 1010 1839 cum
1024 1809 1132 1847 oppido
1144 1809 1263 1839 simula-

200 1852 257 1881 cris
273 1851 368 1880 solum
385 1853 528 1883 Minervae
550 1852 603 1881 sub
626 1856 703 1882 tanta
718 1852 801 1882 ruina
820 1851 918 1890 templi
936 1851 1026 1886 illius,
1049 1856 1080 1880 ut
1096 1851 1198 1881 scribit
1213 1851 1263 1880 Li-

198 1894 271 1929 vius,
289 1894 434 1932 integrum
450 1897 564 1926 stetisse
581 1894 759 1934 perhibetur.
791 1894 939 1932 Angustia.
957 1893 989 1923 de
1004 1895 1056 1922 civ.
1073 1893 1117 1922 dei
1132 1893 1169 1922 111
1189 1895 1219 1923 7.
