1367 2143
478 98 534 124 LIB.
556 97 796 123 vanll—Lxxul.
1115 95 1173 124 153

105 185 212 225 coepit,
226 189 258 214 ut
270 184 304 214 ad
317 193 347 214 se
361 184 466 213 iudicia
480 184 657 219 transferret,
670 184 832 214 sustinente
845 192 962 212 causam
973 183 1035 212 eius
1044 182 1081 212 M.
1092 181 1173 212 Livio

106 227 199 257 Druso
217 226 335 257 tribuno
349 226 451 266 plebis,
469 227 528 265 qui,
547 231 578 256 ut
594 226 668 256 vires
683 226 737 256 sibi
754 225 929 264 adquireret,
947 225 1109 264 peruiciosa
1122 234 1174 265 spe

104 269 291 308 largitionum
316 269 430 309 plebem
452 269 617 299 concitavit.
652 273 798 308 praeterea
822 272 918 298 motus
936 267 1036 307 Syriae
1057 277 1174 306 regum-

105 321 161 351 que
178 313 319 342 continet.

189 373 204 390 *
220 371 284 409 [Cn.
301 370 444 400 Domitius
469 375 496 400 et
512 370 542 399 C..
560 369 684 399 Cassius.
721 370 765 399 liis
787 369 959 398 consulibus
978 369 1173 403 Ptolemaeus,

103 414 226 452 Aegypti
243 422 302 448 rex,
320 413 461 452 populum
480 412 642 441 Romanum
659 411 795 441 heredem
818 411 935 449 reliquit
951 413 988 448 (a.
1006 421 1033 440 u.
1051 420 1075 440 c.
1094 411 1172 447 65&

104 465 128 485 a.
145 456 213 485 Chr.
231 466 258 485 u.
276 456 338 491 96).
373 454 496 485 Casse'od.
513 454 621 490 chron.l

553 544 620 569 LlB.
642 544 723 569 Lxxl.

188 606 325 627 camoena
342 607 397 626 Lm.
414 606 488 625 Lxxi.
523 596 560 625 M.
578 596 674 625 Livius
691 596 803 626 Drusus
822 595 958 625 tribunus
982 595 1092 635 plebis,
1114 606 1173 636 quo

103 639 263 669 maioribus
278 639 386 668 viribus
403 643 521 668 senatus
538 647 653 668 causam
671 642 836 678 susceptam
854 642 1003 673 tueretur,
1030 639 1126 668 socios
1143 644 1170 668 et

103 682 217 711 Italicos
240 681 366 721 populos
388 690 440 720 spe
464 681 585 710 civitatis
609 681 756 710 Romanae
780 680 942 710 sollicitavit
968 680 1068 720 eisque
1091 681 1172 710 adiu-

101 723 235 754 vantibus
251 733 303 763 per
315 724 370 752 vim
384 723 498 762 legibus
510 723 630 762 agrariis
644 723 902 762 frumentariisque
915 723 980 752 latis
993 723 1172 753 iudiciariam

102 775 219 805 quoque
227 766 357 805 pertulit,
371 770 501 805 utaequa
512 770 592 804 parte
606 766 711 795 iudicia
720 775 812 805 penes
824 770 956 795 senatum
966 770 993 794 et
1006 770 1172 804 equestrem

102 809 234 838 ordinem
252 813 358 838 essent.
387 817 452 837 cum
470 808 574 837 deinde
591 808 734 847 promissa
747 808 834 837 sociis
846 808 946 838 civitas
958 808 1098 847 praestari
1112 817 1172 837 non

102 856 210 890 posset,
227 850 292 880 irati
310 850 401 880 Italici
419 850 614 880 defectionem
631 851 739 889 agitare
755 854 928 889 coeperunt.
956 859 1056 880 eorum
1071 855 1172 880 coetus

101 893 381 932 coniurationesque
400 897 427 923 et
444 893 591 922 orationes
607 893 636 922 in
654 893 786 922 consiliis
803 893 970 932 principum
994 893 1172 922 reseruntur.

101 939 224 974 propter
247 944 321 974 quae
343 935 442 965 Livius
465 935 578 964 Drusus
602 935 712 965 invisus
735 936 820 965 etiam
843 935 956 965 senatui
982 935 1074 965 sactus
1096 935 1172 964 velut

101 977 215 1007 socialis
232 977 299 1007 belli
316 982 428 1013 auctor,
444 977 590 1007 incertum
606 987 621 1007 a
639 987 707 1016 quo,
723 978 801 1007 domi
819 978 933 1007 occisus
949 982 1001 1007 est.

168 1037 190 1060 7.
210 1037 306 1065 coetus]
326 1035 389 1060 nach
409 1035 484 1063 Duk.;
504 1034 570 1059 Jahn
589 1035 634 1060 mit
654 1035 701 1060 den
722 1035 836 1060 Hdschm
856 1037 949 1060 coitus.

549 1119 614 1145 LlB¹
634 1119 728 1144 Lxxu.

184 1180 323 1201 raniocffl
338 1181 392 1200 Lm.
410 1181 494 1200 Lxxu.
530 1171 620 1201 Italici
637 1171 739 1210 populi
759 1172 939 1206 defecerunt,
956 1171 1099 1205 Picentes,
1116 1170 1170 1200 Ve-

99 1213 184 1248 stini,
201 1213 303 1249 Marsi,
321 1214 467 1252 Paeligni,
484 1214 657 1249 Marrucini,
675 1214 830 1248 Samnites,
847 1214 967 1243 Lucani.
1002 1213 1085 1242 initio
1104 1213 1170 1242 belli

99 1265 114 1285 a
130 1255 301 1285 Picentibus
317 1262 396 1285 moto
413 1255 446 1290 Q.
464 1256 603 1286 Servilius
627 1257 786 1295 proconsul
809 1257 838 1286 in
859 1256 968 1295 oppido
985 1255 1086 1285 Asculo
1103 1265 1170 1284 cuni

99 1297 236 1327 omnibus
253 1298 363 1328 civibus
379 1298 532 1334 Romanis,
558 1298 607 1336 qui
630 1299 659 1327 iu
683 1308 717 1327 eo
734 1299 843 1338 oppido
866 1303 963 1333 erant,
987 1298 1102 1327 occisus
1118 1303 1170 1327 est.

99 1349 166 1378 saga
194 1340 323 1379 populus
346 1341 479 1379 sumpsit.
526 1340 587 1370 Ser.
617 1340 706 1370 Galba
734 1351 749 1370 a
778 1341 905 1371 Lucanis
931 1340 1172 1379 comprehensus,

99 1382 187 1411 unius
203 1382 328 1412 feminae
341 1392 440 1422 opera,
457 1383 491 1412 ad
504 1392 590 1422 quam
603 1383 814 1419 devertebatur,
832 1394 845 1413 e
858 1384 1021 1422 captivitate
1034 1387 1172 1421 receptus

100 1429 154 1453 est.
188 1425 328 1454 Aesernia
345 1430 372 1454 et
389 1425 460 1454 Alba
477 1425 609 1454 coloniae
625 1425 659 1454 ab
676 1425 783 1455 Italicis
799 1426 935 1455 obsessae
954 1430 1031 1455 sunt.
1066 1424 1170 1454 auxilia

98 1466 205 1495 deinde
221 1466 317 1496 Latini
341 1467 468 1496 nominis
484 1472 708 1506 exterarumque
726 1469 858 1506 gentium
882 1468 968 1497 missa
984 1467 1094 1507 populo
1112 1467 1170 1496 Ro-

99 1517 186 1538 mano
214 1514 241 1538 et
263 1509 462 1548 expeditiones
485 1510 514 1539 in
539 1510 630 1539 vicem
655 1511 945 1549 expugnationesque
962 1510 1079 1540 urbium
1095 1510 1170 1539 rese-

99 1557 214 1580 runtur.

542 1609 607 1634 LIB.
626 1609 730 1634 Lxxul.

184 1669 322 1690 PERlocuA
339 1670 394 1689 Lm.
411 1670 507 1690 Lxxiu.
542 1661 574 1690 L.
591 1661 682 1691 Iulius
699 1661 802 1691 Caesar
818 1661 921 1691 consul
938 1661 1011 1691 male
1034 1662 1171 1692 adversus

100 1702 246 1732 Samnites
263 1703 412 1742 pugnavit.
446 1703 518 1733 Nola
534 1704 650 1734 colonia
667 1704 695 1733 in
713 1708 886 1743 potestatem
904 1704 1076 1734 Samnitium
1094 1705 1171 1734 venit

99 1754 162 1775 cum
178 1745 210 1774 L.
224 1745 374 1775 Postumio
392 1750 535 1785 praetore,
553 1746 603 1785 qui
619 1746 654 1776 ab
672 1747 713 1776 eis
729 1747 901 1776 interfectus
917 1752 968 1776 est.
1005 1746 1171 1786 complures

99 1787 200 1826 populi
227 1788 261 1817 ad
289 1788 388 1817 hostes
415 1788 593 1818 defecerunt.
632 1798 698 1818 cum
727 1789 758 1818 P.
782 1788 909 1818 Rutilius
936 1789 1039 1819 consul
1067 1799 1168 1828 parum

1197 315 1225 339 20

1195 981 1222 1005 10

1194 1344 1208 1368 5

1195 1555 1222 1580 10

99 1838 239 1868 prospere
255 1830 392 1859 adversus
409 1830 520 1860 Marsos
537 1836 695 1870 pugnasset
716 1836 743 1860 et
765 1832 794 1860 in
819 1840 853 1860 eo
876 1831 988 1870 proelio
1005 1832 1167 1866 cecidisset,
1191 1835 1206 1858 5

100 1871 130 1900 C.
147 1871 270 1908 Marius,
294 1872 406 1911 legatus
423 1873 500 1909 eius,
522 1873 643 1903 meliore
665 1878 769 1903 eventu
786 1883 853 1903 cum
870 1873 1004 1904 hostibus
1020 1874 1082 1903 acie
1098 1883 1168 1903 con—

100 1913 180 1943 ssixit.
215 1913 276 1944 Ser.
294 1914 443 1954 Sulpicius
459 1915 614 1954 Paelignos
631 1916 742 1955 proelio
761 1916 842 1946 fudit.
877 1915 910 1950 Q.
924 1915 1041 1956 Caepio,
1058 1916 1169 1955 legatus
