1367 2143
201 77 260 106 156
439 78 467 103 Τ.
487 78 547 103 LIVI
567 78 745 104 PERIOCHAE
764 78 805 103 ET
824 78 1031 105 FRAGMENTA.

197 162 312 194 τέλλου
330 164 500 215 θυγατέρα
516 165 573 194 τοῦ
590 159 778 203 ἀρχιερέως.
810 160 867 204 ἐφ’
892 159 917 204 ᾦ
934 162 1041 194 πολλὰ
1063 163 1123 203 μὲν
1141 162 1189 200 εἰς
1206 159 1263 194 αὖ-

198 203 254 235 τὸν
279 199 403 265 ᾖδον
377 204 409 235 οἱ
427 204 618 255 δημοτικοί,
641 205 759 236 πῶλοι
783 204 817 236 δὲ
834 208 899 236 τιῦν
922 204 1063 256 πρώτων
1085 204 1261 245 ἐνεμέσων,

198 244 258 278 οὐκ
275 248 368 285 αξιον
385 245 561 298 ἡγούμενοι
578 247 618 288 τῆ
622 258 638 284 ς
654 246 818 287 γυναικός,
836 245 872 278 ὃν
890 245 981 286 ἄξιον
1000 244 1161 284 ὑπατείας
1173 246 1262 288 ἔκρι-

198 300 266 326 ναν,
284 287 329 326 ὥς
346 300 450 330 φησιν
468 287 484 320 ὃ
505 291 614 326 Τίτος.
646 289 790 319 Plutarch.
807 289 889 319 Sulla
905 291 933 320 6.

282 348 351 384 *18)
368 347 588 385 Μέλλοντος’
575 360 609 379 εν
619 345 722 397 Ῥώμῃ
740 350 797 379 τοῦ
814 346 976 389 ἐμφυλίου
990 347 1187 400 ἐγείρεσθαι
1199 359 1262 378 πο-

196 389 245 429 λε’
248 401 297 420 ιου
315 388 397 420 α’λλα
411 402 447 421 τε
465 389 572 421 πολλὰ
585 389 731 426 Λιούιος
747 390 803 421 καὶ
815 389 1015 429 Διόδωρος(
997 388 1186 440 ἴ)ιστο’ρησαν
1206 389 1261 420 καὶ

197 430 234 470 ἕξ
249 430 412 483 ἀνεφέλου
429 435 487 463 τοῦ
504 430 602 483 ἀέρος
619 432 673 463 καὶ
690 430 830 481 αἰθρίας
847 432 973 473 πολλῆς
991 432 1068 481 ἦχον
1089 429 1262 481 ἀκουσθῆ-

197 485 250 504 ναι
268 473 450 527 σάλπιγγος
467 472 543 512 οξυν
543 472 803 526 ἀποτεινοίσης
822 474 877 505 καὶ
894 472 1053 524 θρηιιὺδη
1077 472 1134 504 τὸν
1151 472 1261 523 φθόγ-

196 526 269 556 γον,
293 517 348 547 καὶ
364 515 442 552 τοὺς
457 517 517 555 μὲν
534 514 741 552 ἆκουσαντας
765 527 916 553 απαντας
932 515 1099 556 ἐκφρονας
1121 513 1186 546 ὑπὸ
1203 517 1262 545 τοῦ

198 557 296 610 ὄξους
312 560 485 598 γενέσθαι,
505 558 582 595 τοὺς
600 557 635 589 δὲ
656 561 831 609 Τυρρηνῶν
848 557 984 596 μάντεις
999 556 1187 608 μεταβολὴν
1203 559 1262 588 τοῦ

196 602 321 643 γένους
334 600 389 631 καὶ
411 599 662 651 μετακόσμησιν
677 598 927 650 ἀποφηνασθαι
951 601 1124 641 σημαίνειν
1147 598 1184 630 τὸ
1208 600 1261 629 τέ-

197 650 273 693 ρας·
290 645 376 673 εἰναι
392 642 452 680 μὲν
468 641 529 682 γὰρ
547 640 739 693 ἀνθρώπων
757 641 842 672 ὀκτὼ
858 644 933 682 γένη
944 666 951 679 ,
969 641 1174 692 διαφέροντα
1189 646 1261 678 τοῖς

197 682 317 724 ἢθεσιν
342 682 505 723 ἀλληλων,
533 682 659 723 ἑκάστω
682 681 715 713 δ’
740 682 941 732 ἀφωρίσθαι
966 683 1085 723 χρόνον
1111 681 1174 714 ὑπὸ
1202 685 1260 714 τοῦ

195 728 280 756 θεοῦ
298 724 607 775 συμπεραινόμενον
625 724 776 756 ἐνιαυτοῦ
798 724 940 765 μεγάλου
958 724 1124 777 περιόόω·
1146 737 1206 766 της
1223 723 1257 755 δ’

196 767 252 798 οὐν
264 779 432 808 προτερας
445 766 607 807 περιοόου
620 766 826 817 τελευτώσης
839 768 894 798 καὶ
911 766 1027 807 ἑτέρας
1043 765 1260 818 ἐνισταμένης

195 812 369 841 κινεῖσθαί
384 821 417 840 τι
433 815 571 850 σημεῖον
588 808 625 841 ἐκ
641 812 701 849 γῆς
720 806 738 849 ἢ
752 805 892 860 οὐρανοῦ
906 808 1107 848 θαυμάσιον,
1125 822 1143 850 ῃ
1160 808 1259 857 δῆλον

195 850 300 888 εὐθὺς
315 857 387 888 τοῖς
403 854 505 882 ταῦτα
523 856 644 893 σοφοῖς
659 854 835 901 γίνεσθαι,
850 849 902 882 ότι
918 852 973 882 καὶ
989 851 1130 891 τρόποις
1146 849 1259 887 ἄλλοις

194 894 251 925 καὶ
271 896 361 933 βίοις
388 892 569 933 α’νθρωποι
589 893 746 934 γεγόνασι
766 892 933 942 χρώμενοι
959 894 1014 924 καὶ
1038 896 1136 930 θεοῖς
1162 894 1258 934 ἡττον

193 939 259 966 τιῦν
272 938 444 975 προτέρων
458 935 624 974 μέλοντες.
647 936 732 965 Dion.
745 936 819 965 Cass.
828 945 888 966 exc.
900 936 1016 966 ιηΜαιί
1025 938 1119 974 script.
1127 941 1180 965 vet.
1192 945 1257 965 nov.

193 978 255 1008 coll.
272 980 312 1017 fr.
330 980 380 1012 67.
398 978 422 1007 lI
440 979 514 1013 54&
532 978 573 1016 fr.
593 979 661 1011 102,
678 978 689 1006 Ι
706 978 735 1006 S.
752 979 789 1008 91
805 978 869 1013 Bk.;
893 978 904 1007 I
921 977 950 1007 S.
971 979 1027 1008 143
1042 978 1123 1007 Anm.
1140 978 1256 1015 Dmdf.;

195 1020 275 1049 Sua‘d.
291 1030 312 1050 s.
330 1030 357 1049 v.
374 1018 516 1056 Σύλλας;
534 1020 589 1058 vyl.
607 1020 681 1049 Plut.
699 1019 781 1049 Sulla
799 1021 825 1049 7.

278 1080 347 1115 *19)
365 1078 443 1108 Sulla
461 1102 466 1107 .
482 1101 487 1107 .
504 1088 569 1108 cum
587 1078 713 1118 primum
737 1079 771 1107 ad
787 1078 889 1107 urbem
906 1083 1006 1107 contra
1024 1078 1144 1107 Marium
1165 1083 1257 1107 castra

192 1121 338 1156 movisset,
354 1121 424 1149 adeo
443 1121 515 1150 laeta
528 1127 590 1150 exta
605 1120 766 1149 immolanti
780 1120 868 1149 fuisse
879 1120 979 1149 scribit
992 1120 1098 1155 Livius,
1115 1124 1147 1149 ut
1157 1125 1255 1149 custo-

192 1163 246 1192 diri
263 1172 293 1192 se
306 1163 473 1192 Postumius
489 1164 634 1202 haruspex
647 1162 779 1197 voluerit,
796 1162 897 1201 capitis
909 1162 1085 1201 supplicium
1097 1162 1256 1198 subiturus⁷

192 1205 246 1234 nisi
264 1214 305 1239 ea,
322 1213 396 1243 quae
412 1205 441 1234 in
458 1205 555 1234 animo
573 1204 651 1234 Sulla
670 1204 799 1240 haberet,
816 1204 869 1233 diis
886 1205 1049 1234 iuvantibus
1072 1204 1255 1243 implevisset.
1290 1244 1295 1249 .

191 1248 342 1286 Auqustin.
360 1247 392 1276 de
407 1249 459 1276 civ.
477 1248 522 1276 dei
535 1247 560 1276 ΙΙ
578 1248 627 1276 24.

617 1329 685 1353 LIB.
706 1328 831 1353 LXXVIII.

274 1390 412 1410 nemnem
429 1390 483 1409 Lm.
500 1390 614 1409 Lxxvui.
646 1380 824 1410 Mithridates
840 1380 936 1409 Asiam
953 1380 1119 1418 occupavit,
1142 1378 1175 1413 Q.
1193 1379 1254 1418 Op-

189 1423 269 1461 pium
283 1422 499 1461 proconsulem,
512 1423 582 1451 item
596 1422 643 1451 Μ’.
653 1421 800 1460 Aquilium
814 1422 939 1459 legatum
952 1422 981 1450 in
991 1421 1106 1450 vincula
1119 1421 1253 1457 coniecit,

189 1465 328 1503 iussuque
345 1465 407 1493 eius
423 1465 562 1503 quidquid
580 1464 684 1493 civium
702 1464 899 1493 Romanorum
919 1465 948 1492 in
967 1463 1031 1492 Asia
1048 1463 1101 1492 ruit
1125 1472 1183 1492 uno
1208 1463 1254 1492 die

189 1506 364 1536 trucidatum
377 1511 428 1535 est.
456 1506 556 1535 urbem
570 1506 714 1541 Rhodum,
732 1515 804 1544 quae
820 1505 880 1534 sola
897 1506 926 1534 in
943 1506 998 1535 fide
1015 1505 1116 1544 populi
1131 1505 1252 1534 Romani

151 1552 162 1558 ’
187 1553 342 1584 manserat,
359 1548 539 1587 oppugnavit
554 1552 582 1577 et
597 1547 708 1586 aliquot
724 1547 843 1587 proeliis
860 1547 1008 1577 navalibus
1020 1548 1112 1576 victus
1125 1547 1252 1576 recessit.

189 1591 363 1625 Archelaus,
388 1590 550 1629 praefectus
573 1590 667 1628 regis,
694 1591 722 1619 in
747 1590 896 1619 Graeciam
924 1599 989 1618 cum
1014 1590 1142 1618 exercitu
1164 1589 1251 1624 venit,

188 1633 316 1661 Athenas
332 1633 492 1671 occupavit.
524 1638 670 1670 praeterea
693 1632 915 1671 trepidationem
939 1631 1054 1661 urbium
1076 1631 1251 1660 insularum-

188 1684 259 1714 que,
283 1674 345 1704 aliis
367 1674 402 1703 ad
419 1674 613 1703 Mithridatem
635 1673 700 1703 aliis
721 1674 755 1703 ad
779 1674 920 1713 populum
938 1673 1099 1702 Romanum
1123 1673 1251 1702 civitates

188 1725 254 1745 suas
270 1716 462 1749 trahentibus,
479 1716 617 1745 continet.

608 1797 639 1822 LI
648 1797 674 1822 B.
694 1797 830 1821 Lxxvnll.

270 1850 408 1870 rumonim
421 1850 476 1870 Lm.
489 1850 613 1870 Lxxvnlt.
641 1841 673 1870 L.
684 1840 836 1870 Cornelius
849 1839 940 1869 Cinna
954 1839 1055 1869 consul
1067 1848 1133 1868 cum
1150 1839 1248 1878 perni-

186 1883 278 1912 ciosas
290 1883 368 1921 leges
381 1893 432 1922 per
445 1883 501 1912 vim
513 1888 599 1922 atque
611 1892 690 1912 arma
703 1883 800 1917 ferret,
817 1882 919 1921 pulsus
932 1882 1003 1911 urhe
1016 1881 1050 1911 ab
1064 1881 1115 1910 Cn.
1130 1881 1247 1910 Octavio

1330 1672 1334 1862 j

1330 1865 1333 1999 Ι

1329 2009 1332 2066 ι

1329 2071 1347 2143 ,3
