1367 2143
172 63 232 92 166
411 64 440 90 Τ.
458 64 526 89 LlVI.
538 64 718 90 PERIOCHAE
736 65 776 90 ET
796 65 1004 92 FRAGMENTA.

584 168 601 197 L
608 173 617 197 Ι
624 173 651 198 Β.
670 174 822 199 LXXXXVI.

255 234 391 253 PEmocuA
408 234 462 253 Lm.
479 234 607 254 Lxxxxvi.
638 224 671 258 Q.
690 225 789 254 Arrius
811 230 928 264 praetor
944 225 1076 261 Crixum,
1100 225 1235 264 fugitivo-

171 276 234 296 rum
252 267 365 301 ducem,
381 276 447 296 cum
463 267 564 305 viginti
580 266 698 296 milibus
713 267 865 297 hominum
883 267 995 297 cecidit.
1026 267 1078 296 Cn.
1094 267 1236 297 Lentulus

172 309 275 338 consul
292 309 366 338 male
382 309 517 338 adversus
534 309 706 348 Spartacum
724 310 871 348 pugnavit.
905 309 939 339 ab
957 310 1058 339 eodem
1075 309 1107 338 L.
1124 309 1235 339 Gellius

172 350 273 380 consul
291 355 319 380 et
335 350 368 385 Q.
386 351 485 380 Arrius
502 355 619 390 praetor
634 351 694 380 acie
719 351 783 380 victi
805 356 881 381 sunt.
918 352 1066 381 Sertorius
1081 361 1095 380 a
1113 351 1149 380 M.
1165 351 1234 381 Per-

134 399 147 422 5
171 402 262 432 perna
286 398 313 422 et
329 392 374 422 Μ’.
393 394 520 422 Antonio
544 398 572 422 et
593 393 656 422 aliis
678 393 837 423 coniuratis
859 394 888 423 in
912 394 1042 423 convivio
1066 393 1235 423 interfectus

171 440 216 464 est
232 440 331 464 octavo
348 435 470 464 ducatus
486 436 530 464 sui
547 445 639 471 ann0‚
662 444 786 474 magnus
809 436 867 464 dux
891 440 918 465 et
940 437 1077 465 adversus
1092 435 1165 464 duos
1181 436 1235 464 im-

171 482 329 516 peratores,
346 477 518 516 Pompeium
536 482 563 506 et
580 477 744 513 Metellum,
760 478 804 506 vel
821 478 1002 517 frequentius
1017 478 1124 514 victor,
1141 478 1174 507 ad
1191 477 1234 507 ul-

170 519 273 548 timum
287 523 314 548 et
327 529 427 548 saevus
440 524 468 549 et
482 520 630 559 prodigus.
658 520 812 559 imperium
827 520 950 559 partium
965 521 999 549 ad
1012 520 1049 549 M.
1062 520 1235 559 Perpernam

171 561 352 597 translatum,
369 571 455 600 quein
473 562 524 591 Cn.
541 562 699 600 Pompeius
714 562 821 591 victum
840 567 1015 602 captumque
1031 562 1186 597 interfecit,
1203 571 1235 591 ac

121 608 147 632 10
170 604 281 642 recepit
298 603 453 643 Hispanias
475 604 587 633 decimo
611 604 672 633 fere
694 613 771 633 anno
795 614 880 643 quam
898 609 1033 643 coeptum
1058 608 1100 633 est
1116 604 1233 633 bellum.

171 646 201 674 C.
214 646 329 674 Cassius
345 646 505 685 proconsul
522 651 547 675 et
562 646 613 675 Cn.
628 646 753 675 Manlius
769 651 886 685 praetor
904 647 978 675 male
994 647 1130 675 adversus
1146 646 1235 685 Spar-

170 693 265 716 tacum
294 693 513 726 pugnaverunt,
538 688 624 726 idque
646 688 754 717 bellum
778 688 815 716 M.
840 688 942 717 Crasso
967 688 1093 728 praetori
1116 689 1234 717 manda-

170 735 231 758 tum
248 734 300 759 est.

238 797 259 820 S.
279 796 447 827 Perpernam]
467 796 599 828 eiugesiigt
617 796 680 820 nach
701 796 748 820 deu
764 796 890 828 jiingereu
910 796 1027 821 Hdschr..
1054 795 1150 820 welche
1173 804 1235 827 μω·-

165 837 280 860 pennam
301 829 390 853 haben.

583 896 645 920 [2113.
666 896 828 921 Lxxxxvll.

255 957 392 976 nemnem
411 957 466 976 Lm.
486 957 625 976 Lxxxxvu.
661 948 698 976 M.
724 948 843 976 Crassus
870 952 986 986 praetor
1014 948 1140 986 primum
1169 957 1235 976 cum

170 994 253 1028 parte
270 990 474 1027 fugitivorum,
498 999 571 1028 quae
593 999 626 1019 ex
643 989 730 1018 Gallis
747 989 957 1028 Germanisque
981 989 1147 1024 constabat,
1172 989 1235 1018 seli—

170 1032 242 1061 citer
258 1032 396 1070 pugnavit
412 1032 503 1061 caesis
518 1032 644 1061 hostium
662 1032 779 1069 triginta
796 1032 925 1070 quinque
938 1031 1056 1060 milibus
1070 1036 1098 1060 et
1112 1031 1235 1060 (lucibus

170 1082 272 1103 eorum
288 1074 372 1102 Casto
397 1078 424 1102 et
440 1073 581 1103 Gannico.
616 1083 682 1103 cum
699 1073 836 1112 Spartaco
853 1074 957 1102 deinde
981 1073 1128 1102 debellavit
1144 1074 1235 1102 caesis

131 1121 145 1144 5
168 1125 235 1145 cum
251 1116 315 1155 ipso
329 1116 474 1153 sexaginta
487 1116 614 1145 milibus.
642 1116 679 1145 M.
689 1116 833 1145 Antonius
846 1120 963 1154 praetor
975 1115 1083 1144 bellum
1096 1116 1232 1144 adversus

169 1158 322 1187 Cretenses
344 1167 447 1196 parum
470 1167 610 1197 prospere
634 1163 802 1196 susceptum
825 1163 918 1186 morte
942 1167 992 1186 sua
1009 1157 1092 1186 finiit.
1124 1157 1159 1186 M.
1177 1157 1236 1186 Lu—

169 1200 265 1229 cullus
281 1200 439 1238 proconsul
452 1200 579 1229 Thracas
595 1200 718 1237 subegit.
746 1200 778 1228 L.
791 1199 932 1229 Lucullus
948 1199 977 1228 in
990 1199 1084 1228 Ponto
1100 1199 1236 1229 adversus

170 1242 355 1271 Mithridaten
373 1242 496 1271 feliciter
512 1243 651 1281 pugnavit
668 1242 758 1271 caesis
774 1242 901 1271 hostium
918 1241 1043 1280 amplius
1056 1250 1141 1279 quam
1155 1250 1236 1271 sexa-

170 1286 250 1322 ginta
265 1283 392 1313 milibus.
426 1284 463 1313 M.
481 1284 602 1314 Crassus
624 1289 649 1313 et
668 1284 719 1313 Cn.
736 1284 894 1323 Pompeius
917 1283 1053 1313 consules
1069 1283 1152 1319 facti,
1174 1284 1235 1320 [sic]

119 1331 147 1355 10
170 1332 197 1356 et
213 1326 386 1365 Pompeius,
404 1331 558 1365 antequam
575 1330 761 1365 quaesturam
778 1330 906 1364 gereret,
931 1335 964 1355 ex
981 1325 1077 1364 equite
1093 1325 1236 1354 Romano.

171 1368 355 1398 tribuniciam
370 1373 542 1407 potestatem
560 1369 760 1398 restituerunt.
788 1368 891 1397 iudicia
904 1377 1021 1406 quoque
1034 1377 1085 1406 per
1099 1367 1130 1396 L.
1144 1369 1236 1396 Aure-

169 1411 240 1439 lium
249 1410 361 1439 Cottam
374 1414 536 1448 praetorem
551 1411 584 1439 ad
595 1411 707 1449 equites
715 1410 862 1439 Romanos
875 1409 1011 1438 translata
1025 1414 1102 1438 sunt.
1123 1409 1236 1438 Mithri-

170 1454 249 1481 dates
265 1452 469 1490 desperatione
482 1461 579 1481 rerum
594 1461 710 1481 suarum
722 1457 840 1481 coactus
856 1452 890 1480 ad
903 1452 1069 1489 Tigranem,
1083 1451 1236 1480 Armeniae

170 1503 279 1532 regem.
297 1494 437 1532 confugit.

238 1562 259 1584 9.
280 1560 395 1589 milibus]
415 1560 478 1584 uach
494 1560 619 1591 jiingeren
639 1559 756 1586 Hdsclir.;
781 1559 852 1583 Naz.:
879 1560 963 1583 milia.
981 1573 1014 1576 »ῳ
1034 1559 1090 1589 [sic]
1110 1561 1147 1583 etz
1173 1558 1236 1582 nach

170 1593 359 1625 Freudenberg:
380 1593 454 1618 Naz.:
473 1596 511 1618 sic
523 1596 564 1622 ηις
581 1594 653 1625 jung.
668 1593 785 1617 Hdsclir.:
804 1593 858 1622 sed;
878 1592 927 1624 Mg.
948 1592 1061 1617 schreibt
1080 1592 1153 1616 (131111-
1165 1594 1235 1616 sunt.

169 1641 202 1645 —
223 1629 260 1652 11.
280 1627 309 1652 L.
328 1628 476 1657 *lm-elium]
496 1627 559 1652 nach
578 1627 644 1658 Sig.;
663 1626 780 1651 Hdscluzz
802 1626 833 1650 M.
852 1626 1000 1650 Aurelium.

256 1705 325 1740 ³⁴25)
333 1704 463 1742 Triginta
477 1704 608 1742 quinque
620 1704 697 1732 milia
710 1702 1092 1740 armatorum(fugitivorum
1106 1711 1119 1730 a
1134 1702 1235 1731 Crasso

171 1746 361 1782 devictorum)
380 1755 413 1775 eo
431 1746 543 1785 proelio
566 1746 718 1776 interfecta
742 1754 809 1775 cum
832 1745 903 1784 ipsis
925 1744 1048 1774 ducibus
1064 1743 1161 1773 Livius
1178 1748 1236 1773 tra—

171 1788 222 1824 dit,
239 1793 370 1827 receptas
383 1788 513 1827 quinque
526 1788 671 1818 Romanas
683 1787 803 1826 aquilas,
821 1787 903 1825 signa
916 1796 964 1816 sex
977 1791 1006 1816 et
1019 1786 1130 1824 viginti,
1147 1785 1236 1815 multa

172 1830 274 1869 spolia⁷
291 1830 367 1860 inter
384 1840 457 1869 quae
475 1831 604 1870 quinque
622 1831 713 1860 fasces
729 1839 795 1859 cum
812 1829 972 1858 securibus.
1004 1828 1135 1858 Frontin.
1152 1832 1233 1857 strat.

170 1872 196 1901 ΙΙ
214 1874 242 1907 5,
260 1873 308 1903 34.
