1367 2143
150 375 176 400 10

153 1057 179 1081 10

154 1268 179 1292 15

153 1891 179 1915 10

201 73 261 102 172
440 74 468 99 T.
488 73 549 99 LIVI
568 73 748 99 PERIOCHAE
767 74 808 99 ET
827 74 1035 100 FRAGMENTA.

200 159 313 189 insidiis
330 167 395 188 cum
413 160 551 196 exercitu,
569 160 614 189 cui
632 164 798 199 praeerant,
815 159 889 189 caesi
905 164 982 189 sunt.
1017 165 1044 190 et
1060 170 1125 190 cum
1142 160 1262 190 aliarum

200 211 318 241 quoque
333 201 482 239 legionum
500 206 592 231 castra
610 206 778 241 oppugnata
795 210 901 240 magno
917 201 1016 231 labore
1028 203 1144 232 defensa
1159 208 1264 238 essent,

199 245 276 273 inter
292 252 365 282 quae
382 244 453 280 eius,
470 244 517 273 cui
533 244 562 273 in
579 244 712 273 Treveris
728 249 858 283 praeerat
875 243 907 277 Q.
926 243 1027 273 Cicero
1038 266 1045 280 ,
1061 245 1096 274 ab
1112 245 1175 284 ipso
1193 245 1263 274 Cae-

200 295 263 315 sare
279 286 378 315 hostes
396 285 507 325 proelio
521 286 576 315 susi
591 291 669 315 sunt.
696 286 733 315 M.
745 286 866 315 Crassus
878 285 987 315 bellum
999 285 1111 316 Parthis
1122 287 1265 317 inlaturus

200 328 369 367 Euphraten
386 328 495 358 flumen
512 328 627 358 transiit
639 328 791 367 victusque
807 327 929 367 proelio,
946 328 974 357 in
993 337 1050 366 quo
1068 333 1095 357 et
1110 329 1187 358 filius
1203 329 1265 358 eius

199 370 312 406 cecidit,
330 379 395 399 cum
412 370 550 409 reliquias
566 370 710 400 exercitus
727 370 755 399 in
773 369 877 400 collem
894 370 1067 409 recepisset,
1085 375 1219 400 evocatus
1234 371 1265 400 in

200 412 380 451 colloquium
397 413 432 442 ab
449 412 582 442 hostibus
597 412 675 442 velut
690 413 725 442 de
741 422 812 452 pace
831 412 954 448 acturis,
978 422 1103 451 quorum
1126 413 1183 442 dux
1206 417 1267 442 erat

200 454 343 490 Surenas,
367 455 589 494 conprehensus
613 459 655 490 et,
683 464 719 484 ne
743 455 809 494 quid
829 454 910 484 vivus
926 460 1072 493 pateretur
1088 464 1265 494 repugnans,

200 497 370 526 interfectus
386 501 437 526 est.

269 556 290 578 7.
311 556 362 584 cm']
382 554 444 579 nach
464 554 526 586 Mg.;
552 554 668 579 Hdsclu:
687 556 741 585 qui,
760 568 791 572 -
813 555 911 584 Cicero]
937 562 964 579 so
991 553 1030 579 die
1050 553 1165 583 Hdsclir.;
1188 553 1265 578 Jahn:

201 589 290 613 Cicera
294 596 308 611 71
313 590 342 612 is.

658 629 725 654 LlB.
746 629 814 653 CVII.

284 682 421 701 remotum
438 681 492 701 Lm.
510 681 573 701 cru.
600 672 630 701 C.
644 672 747 701 Caesar
763 671 895 701 Treveris
911 672 940 701 in
958 672 1047 702 Gallia
1062 672 1146 701 victis
1162 672 1266 701 iterum

200 715 229 744 in
254 714 436 744 Germaniam
460 714 573 743 transiit
594 713 734 752 nulloque
757 714 795 743 ibi
820 715 902 743 hoste
932 714 1049 743 invento
1078 723 1209 743 reversus
1236 714 1265 743 in

201 756 320 786 Galliam
337 756 491 785 Eburonas
504 760 531 785 et
546 756 615 785 alias
632 756 769 792 civitates,
787 765 860 794 quae
877 756 1129 795 conspiraverant,
1156 756 1223 785 vicit
1239 761 1266 785 et

201 799 399 837 Ambiorigem
417 798 446 827 in
463 798 529 836 fuga
546 802 717 837 persecutus
733 803 780 827 est.
806 798 837 827 P.
855 797 935 827 Clodi
952 807 966 827 a
983 798 1015 827 T.
1036 798 1132 827 Annio
1149 797 1267 834 Milone,

200 841 351 871 candidato
369 840 551 875 consulatus,
575 841 667 879 Appia
684 840 726 869 via
750 840 782 869 ad
800 840 924 869 Bovillas
947 840 1034 869 occisi
1059 849 1166 879 corpus
1182 839 1266 879 plebs

202 883 231 913 in
249 883 328 913 curia
351 883 495 912 cremavit.
530 892 596 911 cum
620 883 776 911 seditiones
800 882 875 911 inter
898 882 1065 911 candidatos
1088 882 1266 918 consulatus,

203 925 378 964 Hypsaeum,
395 925 574 963 Scipionem,
591 924 738 959 Milonem,
756 929 867 960 essent,
885 924 933 963 qui
950 924 1037 953 armis
1053 933 1085 953 ae
1100 925 1126 953 vi
1143 929 1267 953 conten-

203 968 323 1003 debant,
347 967 380 996 ad
403 967 628 1006 conprimendas
652 976 699 996 eas
715 967 766 995 Cn.
784 966 940 1005 Pompeius
962 966 1056 995 delato
1079 967 1103 995 ei
1127 976 1141 995 a
1164 970 1266 995 senatu

202 1010 359 1049 populoque
375 1009 525 1038 consulatu
542 1009 644 1038 consul
662 1009 746 1038 tertio
764 1009 855 1038 sactus
869 1013 911 1038 est
923 1008 1027 1037 absens
1042 1013 1069 1037 et
1082 1009 1172 1044 solus,
1189 1008 1266 1047 quod

202 1052 273 1082 nulli
291 1052 337 1081 alii
355 1060 494 1090 umquam
512 1053 637 1089 contz'yz‘c.
667 1051 836 1090 quaestione
852 1051 965 1080 decreta
982 1050 1017 1079 de
1032 1054 1125 1079 morte
1140 1050 1172 1079 P.
1185 1050 1265 1079 Clodi

202 1094 271 1123 Milo
288 1094 394 1123 iudicio
411 1093 565 1122 damnatus
581 1093 609 1122 in
627 1093 743 1122 exilium
760 1098 841 1122 actus
857 1097 909 1122 est.
943 1092 987 1121 lex
1004 1092 1060 1121 lata
1077 1097 1129 1129 est,
1146 1097 1178 1121 ut
1193 1092 1265 1121 ratio

203 1136 331 1166 absentis
344 1135 473 1165 Caesaris
486 1136 514 1164 in
528 1135 669 1174 petitione
686 1135 856 1164 consulatus
872 1135 1036 1170 haberetur,
1053 1134 1142 1163 invito
1156 1140 1184 1163 et
1195 1143 1266 1163 con-

202 1184 245 1208 tra
258 1179 372 1208 dicente
383 1178 420 1206 M.
434 1177 552 1207 Catone.
582 1181 730 1216 praeterea
748 1186 793 1206 res
810 1180 904 1214 gestas
920 1186 934 1206 a
951 1177 981 1205 C.
996 1176 1116 1205 Caesare
1132 1176 1268 1206 adversus

204 1221 311 1256 Gallos,
328 1220 377 1259 qui
395 1229 486 1259 prope
503 1219 628 1248 universi
645 1219 904 1257 Vercingentorige
918 1220 1046 1248 Arverno
1064 1218 1136 1247 duce
1153 1219 1266 1248 defece·
1290 1241 1295 1245 .

202 1268 280 1299 runt,
299 1268 326 1292 et
341 1262 500 1291 laboriosas
513 1261 679 1291 obsidiones
692 1261 808 1291 urbium
822 1261 965 1296 continet,
983 1261 1058 1290 inter
1071 1270 1141 1299 quas
1154 1259 1265 1290 Avarici

203 1305 366 1344 Biturigum
384 1308 411 1333 et
428 1304 586 1342 Gergoviae
603 1304 809 1333 Arvernorum.

271 1355 294 1379 S.
314 1354 399 1378 delato
419 1355 443 1377 ei
461 1362 476 1377 a
494 1355 588 1377 senatu
604 1353 756 1385 populoque
775 1353 923 1381 consulatu]
948 1352 1011 1376 nach
1035 1350 1084 1383 Mg.
1104 1351 1153 1376 und
1173 1351 1267 1380 Wssb.;

203 1388 320 1412 Hdscbr.:
341 1388 427 1418 legato
448 1390 471 1411 el
490 1395 504 1411 α
523 1389 665 1411 senatu.——
681 1388 718 1411 10.
739 1387 859 1417 contigit]
879 1386 981 1417 erganzt
1000 1385 1063 1410 nach
1080 1386 1152 1417 jiing.
1164 1385 1267 1410 Hdschr.

652 1461 719 1486 LIB.
740 1461 817 1486 CVlll.

288 1515 423 1535 pnmocun
441 1515 494 1534 mn.
509 1514 581 1533 cmi.
610 1504 640 1533 C.
654 1504 757 1534 Caesar
770 1504 866 1533 Gallos
882 1504 915 1533 ad
929 1503 1053 1532 Alesiam
1066 1503 1134 1533 vicit
1151 1512 1266 1532 omnes-

203 1558 259 1587 que
271 1548 378 1577 Galliae
392 1548 529 1583 civitates,
547 1547 662 1586 quaein
675 1547 762 1576 armis
776 1546 899 1582 fuerant,
913 1546 941 1574 in
957 1545 1132 1575 deditionem
1146 1545 1266 1584 accepit.

203 1591 233 1620 C.
251 1591 375 1625 Cassius,
393 1595 528 1629 quaestor
543 1589 580 1618 M.
598 1589 702 1624 Crassi,
719 1588 858 1623 Parthos,
876 1588 924 1626 qui
941 1588 969 1617 in
988 1587 1098 1625 Syriam
1116 1593 1267 1616 transcen-

203 1634 319 1668 derant,
342 1633 454 1662 cecidit.
489 1632 517 1660 in
541 1632 683 1670 petitione
705 1631 873 1660 consulatus
889 1630 925 1659 M.
943 1630 1012 1659 Cato
1035 1629 1180 1668 repulsam
1202 1629 1268 1658 tulit

202 1676 307 1704 creatis
329 1674 500 1704 consulibus
522 1673 584 1703 Ser.
601 1673 747 1712 Sulpicio,
769 1673 806 1702 M.
822 1672 967 1702 Marcello.
1006 1672 1036 1701 C.
1054 1671 1157 1701 Caesar
1172 1671 1267 1700 Bello-

203 1727 288 1747 vacos
301 1726 366 1746 eum
379 1717 442 1746 aliis
454 1716 603 1745 Gallorum
617 1715 734 1754 populis
747 1715 869 1744 domuit.
897 1719 1045 1753 praeterea
1059 1713 1266 1743 contentiones

203 1760 278 1789 inter
294 1759 430 1789 consules
442 1759 477 1787 de
488 1767 656 1787 successore
668 1757 698 1786 C.
712 1757 824 1786 Caesari
837 1757 989 1791 mittendo,
1005 1760 1108 1794 agente
1122 1756 1150 1785 in
1164 1760 1266 1785 senatu

202 1802 240 1830 M.
257 1801 393 1831 Marcello
411 1801 542 1835 consule,
558 1804 590 1829 ut
602 1800 705 1829 Caesar
720 1800 754 1829 ad
772 1799 941 1838 petitionem
959 1798 1128 1828 consulatus
1144 1798 1265 1833 veniret,

204 1853 269 1874 cum
287 1844 310 1872 is
322 1843 385 1881 lege
397 1843 453 1872 lata
466 1843 494 1872 in
508 1847 624 1881 tempus
637 1841 805 1871 consulatus
816 1841 980 1880 provincias
993 1840 1126 1870 obtinere
1139 1840 1266 1874 deberet,

201 1895 306 1925 resque
323 1895 337 1915 a
354 1885 391 1914 M.
409 1885 511 1914 Bibulo
530 1885 558 1914 in
577 1884 657 1923 Syria
674 1888 769 1922 gestas
785 1884 924 1913 continet.
