1367 2143
468 109 688 135 PRODthoRVM
708 109 807 135 LtBER.
1110 108 1168 139 201

98 195 241 233 apparuit.
265 204 280 224 a
295 195 420 234 fugitivis
433 200 461 224 et
474 195 674 225 desertoribus
688 196 716 225 in
731 195 871 225 Thurinis
888 195 1024 233 regiones
1036 200 1171 225 vastatae.

99 236 206 266 Cimbri
224 237 311 276 Alpes
334 238 508 276 transgressi
531 243 595 277 post
614 238 781 276 Hispaniam
805 242 941 267 vastatam
959 238 1119 268 iunxerunt
1140 248 1172 267 se

99 278 249 308 Teutonis.
285 280 371 318 lupus
399 279 501 309 urbem
525 280 649 309 intravit.
682 280 811 309 fulminis
838 281 897 309 ictu
925 280 1055 310 vultures
1082 290 1171 319 super

99 326 209 350 turrem
227 322 391 351 exanimati.
424 323 493 351 bora
509 323 564 351 diei
583 323 665 351 tertia
683 322 752 353 solis
768 322 898 352 defectus
914 323 1008 352 lucem
1029 323 1169 353 obseura-

98 364 144 392 vit.
174 373 293 393 examen
311 365 408 403 apium
426 369 494 394 aute
511 365 611 394 aedem
625 365 732 394 Salutis
749 365 891 394 consedit.
920 365 948 394 in
963 366 1080 394 comitio
1099 366 1171 395 lacte

98 406 180 444 pluit.
218 406 246 435 in
272 407 378 436 Piceno
402 412 460 436 tres
481 407 557 436 soles
580 407 639 437 visi.
672 407 700 436 in
723 416 792 446 agro
819 407 995 436 Vulsiniensi
1019 408 1132 437 flamma
1154 417 1170 437 e

98 453 174 477 terra
191 453 253 477 orta
271 449 442 487 caelumque
456 450 513 479 visa
528 450 710 487 contingere.
742 450 771 478 in
787 449 913 479 Lucanis
928 449 985 478 duo
1002 451 1069 488 agni
1087 451 1169 488 equi-

98 490 143 519 nis
166 491 289 528 pedibus
315 492 389 526 nati,
413 492 485 521 alter
509 492 651 521 feminino
675 492 778 530 capite.
810 492 838 521 in
857 492 1064 530 Tarquiniensi
1087 493 1170 522 lactis

97 532 148 561 rivi
172 537 248 562 terra
271 534 466 564 scaturientes
489 535 591 563 exorti.
621 535 788 573 aruspicum
813 544 956 573 responso
981 534 1064 573 signa
1091 535 1168 563 olea-

96 575 181 613 ginea
198 576 256 604 duo
273 581 380 604 armata
397 581 502 605 statuta
519 576 785 615 supplicatumque.
817 577 845 605 in
860 576 1029 606 Macedonia
1043 577 1171 607 Thraces

96 617 218 646 subacti.

182 661 221 689 44
235 657 330 699 [104]
355 660 384 688 C.
399 660 489 689 Mario
502 660 536 694 Q.
551 660 667 689 Lutatio
681 660 854 690 consulibus
868 661 1038 690 novendiale
1052 671 1167 691 sacrum

96 701 157 735 suit,
177 700 255 739 quod
272 701 300 730 in
319 701 421 731 Tuscis
438 702 583 740 lapidibus
599 703 722 741 pluerat.
754 703 825 732 urbs
841 704 1008 742 aruspicum
1027 704 1106 733 iussu
1124 704 1167 733 lu-

94 747 192 772 strata.
223 743 384 772 hostiarum
401 744 475 773 cinis
492 754 545 783 per
560 745 741 774 decemviros
756 746 784 774 in
800 755 879 774 mare
895 746 1054 784 dispersus.
1072 751 1098 775 et
1116 756 1168 785 per

94 785 156 814 dies
179 794 283 814 novem
307 786 382 815 cirea
406 787 503 815 onmia
529 787 635 826 templa
655 797 708 826 per
729 788 913 826 magistratus
929 788 949 826 †
965 793 991 817 et
1009 789 1167 827 municipia

94 837 201 866 pompa
226 828 311 857 ducta
338 829 544 867 supplicatum.
575 830 674 859 bastae
697 830 796 860 Martis
822 831 851 859 in
880 831 959 869 regia
985 840 1035 860 sua
1062 836 1168 869 sponte

94 875 198 899 motae.
228 871 373 909 sanguine
390 871 465 901 circa
482 881 597 901 amnem
611 872 754 901 Anienem
769 873 851 911 pluit.
883 882 1004 902 examen
1022 873 1120 912 apium
1137 873 1166 903 in

94 912 157 941 foro
184 912 284 941 boario
308 913 337 942 in
361 913 467 943 sacello
491 915 633 944 consedit.
665 915 693 944 in
713 915 802 944 Gallia
825 915 854 944 in
878 915 981 945 castris
1004 915 1051 945 lux
1081 920 1167 945 nocte

94 955 183 983 fulsit.
215 964 290 993 puer
310 956 458 993 ingenuus
482 957 594 985 Ariciae
622 957 735 986 flamma
763 958 996 996 comprehensus
1025 967 1078 988 nec
1106 968 1166 987 am-

94 996 207 1026 bustus.
246 998 331 1027 aedes
347 998 421 1027 Iovis
443 999 523 1027 clusa
545 999 668 1028 fulmine
691 1000 755 1028 icta.
793 1001 876 1029 cuius
898 1000 1093 1038 expiationem
1119 1001 1167 1039 qui

93 1039 206 1078 primus
217 1045 427 1069 monstraverat
442 1041 580 1071 Aemilius
592 1041 612 1079 -ἱ-
624 1042 759 1071 Potensis
771 1052 896 1081 aruspex
912 1044 1075 1081 praemium
1093 1043 1166 1078 tulit,

93 1082 198 1111 ceteris
220 1082 399 1117 celantibus,
425 1084 503 1121 quod
521 1084 591 1121 ipsis
614 1084 773 1122 liberisque
790 1085 909 1114 exitium
928 1085 1165 1123 portenderettu:

94 1124 203 1162 piratae
219 1125 247 1153 in
266 1124 363 1153 Cilicia
379 1134 393 1153 a
410 1125 549 1154 Romanis
565 1127 661 1155 deleti.
693 1127 821 1156 Teutoni
838 1137 853 1156 a
870 1127 959 1156 Mario
977 1128 1122 1157 trucidati.

180 1177 195 1193 :ie
212 1177 227 1194 ηε
245 1167 349 1195 ancilia
366 1176 432 1196 cum
449 1169 563 1206 crepitu
576 1178 628 1197 sua
641 1174 748 1206 sponte
765 1175 851 1199 mota.
883 1179 984 1199 servus
1001 1170 1034 1204 Q.
1052 1170 1165 1199 servilii

97 1209 253 1246 Caepionis
270 1209 352 1238 Matri
369 1209 469 1239 Idaeae
486 1220 516 1239 se
533 1211 674 1249 praecidit
690 1216 716 1240 et
735 1217 816 1241 trans
832 1221 912 1241 mare
928 1218 1112 1251 exportatus,
1130 1222 1167 1242 ne

93 1259 231 1289 umquam
245 1251 367 1280 Romam
384 1257 590 1282 reverteretur.
623 1253 694 1283 urbs
710 1254 840 1283 lustrata.
868 1264 953 1293 capra
966 1255 1107 1284 cornibus
1120 1264 1166 1283 ar-

93 1293 229 1322 dentibus
252 1302 306 1332 per
328 1294 430 1323 urbem
455 1295 557 1329 ducta.
582 1301 666 1334 porta
682 1296 786 1325 Naevia
811 1297 915 1326 emissa
935 1297 1104 1335 relictaque.
1136 1298 1165 1326 in

93 1335 237 1364 Aventino
261 1336 322 1365 luto
338 1337 421 1374 pluit.
453 1337 601 1367 Lusitanis
618 1338 737 1368 devictis
754 1339 892 1378 Hispania
911 1339 1032 1368 ulterior
1054 1344 1165 1378 pacata.

93 1377 200 1407 Cimbri
217 1378 314 1407 deleti.

178 1422 217 1450 45
235 1418 332 1460 [105]
364 1421 393 1450 C.
410 1421 500 1450 Mario
519 1421 549 1451 L.
569 1422 680 1451 Valerio
704 1423 874 1453 consulibus
898 1424 943 1452 fax
966 1423 1073 1453 ardens
1095 1424 1166 1453 Tar-

93 1462 201 1500 quiniis
217 1462 272 1492 late
297 1463 354 1492 visa
378 1463 474 1493 subito
491 1464 573 1502 lapsu
591 1464 707 1494 cadens.
738 1465 792 1494 sub
810 1475 915 1495 occasu
932 1466 1001 1495 solis
1017 1466 1097 1496 orbis
1114 1467 1165 1495 cli-

93 1504 138 1542 pei
162 1505 263 1534 similis
286 1505 321 1533 ab
346 1506 499 1535 occidente
524 1507 556 1535 ad
582 1508 726 1537 orientem
749 1508 826 1537 visus
843 1509 977 1546 perferri.
1008 1509 1037 1537 in
1055 1509 1165 1538 Piceno

92 1552 186 1575 terrae
200 1552 280 1576 motu
294 1547 438 1577 domicilia
452 1549 544 1578 ruinis
558 1554 712 1587 prostrata,
727 1550 868 1588 quaedam
882 1551 1020 1580 convulsa
1034 1551 1101 1580 sede
1115 1561 1165 1580 sua

92 1589 231 1618 inclinata
247 1595 429 1619 manserunt.
453 1592 587 1621 fremitus
599 1601 748 1621 armorum
762 1602 795 1621 ex
809 1593 927 1622 inferno
944 1593 1067 1623 auditus.
1093 1603 1164 1631 qua—

92 1631 191 1669 drigae
213 1637 330 1661 auratae
354 1633 383 1661 in
407 1634 471 1662 foro
489 1643 504 1662 a
526 1634 650 1672 pedibus
666 1636 855 1664 sudaverunt.
887 1635 1000 1673 fugitivi
1021 1636 1049 1665 in
1068 1636 1165 1665 Sicilia

91 1674 210 1712 proeliis
226 1675 371 1704 trucidati.

177 1718 216 1746 46
234 1715 330 1757 [105]-
363 1718 399 1746 M.
417 1719 546 1747 Antonio
566 1720 597 1747 A.
623 1719 772 1748 Postumio
797 1720 968 1749 consulibus
991 1720 1109 1749 bubone
1134 1721 1162 1749 iu

92 1758 164 1787 urhe
178 1759 238 1787 viso
252 1759 322 1788 urbs
335 1760 464 1789 lustrata.
496 1761 603 1790 nimbis
617 1767 643 1790 et
656 1762 784 1800 procella
802 1763 927 1801 plurima
944 1763 1090 1801 dissipata,
1107 1763 1163 1791 ful-

92 1801 169 1830 mine
193 1801 333 1840 pleraque
357 1807 440 1831 tacta.
471 1803 593 1832 Lanuvii
610 1804 639 1833 in
657 1805 728 1833 aede
745 1805 867 1834 Iunonis
884 1805 1016 1843 Sospitae
1034 1805 1062 1834 in
1080 1805 1163 1834 cubi-

92 1842 157 1872 culo
171 1843 240 1872 deae
253 1845 406 1883 sanguinis
417 1850 515 1881 guttae
529 1846 613 1875 visae.
638 1847 760 1876 Nursiae
774 1847 860 1876 aedes
873 1857 953 1877 sacra
970 1853 1065 1877 terrae
1083 1853 1163 1877 motu

159 1904 181 1926 a.
201 1904 383 1932 scaturientes]
403 1903 472 1928 Ald.:
491 1906 661 1933 maturiorum
681 1904 746 1928 Jalui
767 1905 811 1929 mit
831 1905 996 1938 tffldendorp:
1016 1907 1163 1930 seuam-[en-

91 1935 131 1959 tis.
151 1949 183 1952 -
204 1936 242 1960 2⁶.
263 1935 380 1966 Romam]
400 1937 463 1962 nach
484 1937 607 1967 Scliell'er3
628 1938 698 1962 Ald.:
718 1938 822 1963 Itoniae.

1194 371 1209 395 Q!

1194 582 1223 607 10

1193 794 1221 818 15

1191 1006 1220 1030 20

1190 1218 1219 1241 25

1188 1429 1218 1452 30

1187 1640 1217 1664 35

1187 1853 1216 1877 40
