1367 2143
450 107 671 134 PRODIGIORVM
693 107 791 134 LlBER.
1097 105 1155 135 195

88 195 181 224 noctis
198 195 283 223 visus.
315 194 405 222 Teani
423 194 544 224 Sidicini
562 203 635 232 puer
651 203 718 223 cum
736 198 876 232 quattuor
891 194 1026 223 manibus
1042 199 1070 223 et
1088 195 1154 223 toti-

86 237 150 266 dem
169 236 292 276 pedibus
310 241 403 266 natus.
435 236 507 266 urbe
523 237 643 266 lustrata
662 246 715 275 pax
732 236 809 265 domi
827 237 956 274 l'orisque
974 237 1035 265 suit.

176 281 210 309 la
229 277 303 319 1721.
335 280 386 308 Cn.
410 279 529 308 Octavio
550 279 582 308 T.
600 279 706 308 Manlio
729 278 902 308 consulibus
924 279 1089 317 pestilentia
1112 281 1154 308 t'a-

87 331 190 359 meque
208 322 245 350 ita
262 322 440 355 laboratum,
459 327 489 350 ut
505 331 539 350 ex
555 321 705 359 Sibyllinis
729 321 855 359 populus
872 321 949 350 circa
966 321 1092 360 compita
1109 331 1153 350 sa-

85 364 216 402 cellaque
239 369 376 402 operatus
397 364 512 393 sederit.
550 364 577 393 in
603 364 673 392 aede
697 363 848 392 Penatium
872 363 966 392 valvae
992 369 1078 393 nocte
1102 373 1152 392 sua
1176 369 1190 391 5

85 412 191 444 sponte
213 407 384 444 adapertae,
407 411 435 435 et
457 406 517 444 lupi
541 406 677 444 Esquiliis
701 411 726 434 ct
752 406 780 435 in
804 406 878 435 colle
901 406 1045 440 Quirinali
1067 406 1155 435 meri-

84 449 130 477 die
147 454 347 487 apparuerunt
365 449 559 486 exagitatique
581 450 710 478 fuerunt.
742 448 813 477 urbe
836 449 955 477 lustrata
981 449 1051 477 niliil
1074 449 1155 477 triste

84 491 198 520 accidit-

175 535 208 563 14
225 531 300 573 1731.
328 532 371 561 Ti.
389 533 519 562 Graccho
537 533 584 562 Μ’.
598 532 731 561 Iuventio
748 532 920 562 consulibus
937 532 1051 571 Capuae
1068 538 1154 561 nocte

84 576 127 604 sol
144 571 235 604 visusss
263 575 291 604 in
309 584 380 612 agro
394 575 505 604 Stellati
522 575 638 611 fulgure
651 584 804 604 vervecum
821 575 856 603 de
868 584 957 613 grege
975 584 1041 613 pars
1053 575 1154 604 exani·
1181 580 1206 603 to

85 623 168 647 mata.
200 617 375 646 Tarracinae
392 617 476 655 pueri
493 617 639 655 trigemini
656 617 725 646 nati.
756 617 880 646 Formiis
895 617 953 646 duo
970 618 1047 646 soles
1062 618 1154 647 inter-

83 660 132 689 diu
149 660 209 688 visi.
241 659 352 688 caelum
369 659 448 688 arsit.
480 659 558 688 Antii
574 659 662 688 bomo
680 669 715 688 ex
731 659 852 697 speculo
868 660 929 689 acie
946 665 1008 689 orta
1031 660 1155 689 combu-

83 708 153 731 stus.
184 701 282 730 Gabiis
299 701 372 730 lacte
389 702 472 739 pluit.
504 702 625 731 l'ulmine
640 702 779 740 pleraque
796 701 917 731 decussa
930 702 959 731 in
975 702 1092 731 l'alatio.
1124 703 1153 731 in

83 744 222 782 templum
241 744 384 773 Victoriae
401 753 513 782 cygnus
537 744 668 782 inlapsus
686 754 738 782 per
761 754 865 774 manus
881 745 1059 783 capientium
1080 745 1154 773 elsu-

82 787 132 825 git.
171 786 304 815 Priverni
328 786 424 824 puella
447 786 511 815 sine
535 796 623 815 manu
647 792 722 815 nata.
760 787 788 815 in
813 787 1001 824 Cephallenia
1029 787 1097 816 tuba
1125 787 1153 816 in
1179 792 1205 815 15

82 829 162 858 caelo
186 834 303 858 cantare
327 829 394 857 visa.
428 834 504 857 terra
528 829 609 867 pluiL
642 829 804 867 procellosa
825 834 996 867 tempestate
1020 834 1094 859 tecta
1111 829 1154 858 di-

83 877 146 900 ruta
162 876 333 909 stragesque
346 880 485 909 agrorum
501 873 585 900 sacta.
617 871 722 900 crebro
736 871 907 900 fulminavit.
940 877 1026 901 nocte
1042 872 1155 910 species

81 914 150 943 solis
169 913 280 943 Pisauri
298 914 424 942 adfulsit.
457 914 545 943 Caere
563 923 672 952 porcus
689 914 825 943 humanis
838 914 972 943 manibus
986 919 1014 943 et
1031 914 1154 952 pedibus

83 962 182 990 natus,
205 961 233 984 et
255 956 338 994 pueri
361 956 564 994 quadrupedes
592 961 620 985 et
647 957 864 994 quadrumanes
891 957 958 985 nati.
999 957 1033 985 ad
1056 958 1152 985 t'orum

82 999 147 1027 Aesi
166 998 267 1027 bovem
285 998 399 1026 flamma
416 1008 450 1027 ex
467 998 558 1036 ipsius
576 1008 625 1027 ore
643 1003 710 1027 nata
727 1008 787 1027 non
805 999 896 1027 laesit.
1178 1003 1206 1028 20

169 1043 205 1071 15
220 1038 295 1080 [74].
322 1040 350 1068 1).
368 1040 506 1078 Scipione
523 1041 625 1070 Nasica
642 1041 671 1070 C.
690 1041 796 1070 Marcio
814 1041 987 1070 consulibus
1004 1042 1154 1080 Anagniae

81 1083 194 1112 caelum
216 1087 302 1112 nocte
325 1083 402 1112 arsit.
435 1082 556 1112 fulmine
578 1084 716 1121 pleraque
738 1083 868 1113 decussa.
908 1083 1075 1113 Frusinone
1100 1084 1153 1114 bos

81 1126 204 1155 locutus.
236 1125 325 1154 Reate
350 1125 446 1155 mulus
462 1126 553 1164 tripes
571 1130 666 1155 natus.
699 1126 751 1155 Cn.
769 1126 906 1155 Octavius
922 1126 1036 1164 legatus
1052 1126 1081 1155 in
1100 1127 1153 1165 Sy-

81 1169 121 1197 ria
139 1178 191 1206 per
208 1168 332 1206 Lysiam,
351 1173 478 1197 tutorem
496 1169 632 1197 Antiochi
649 1168 742 1206 pueri,
759 1168 788 1197 in
806 1169 958 1207 gymnasio
975 1169 1099 1198 occisus.

170 1213 204 1241 lu
222 1208 297 1250 [75].
330 1210 360 1238 li.
379 1210 503 1239 Lentulo
521 1211 550 1239 C.
569 1211 677 1239 Marcio
702 1210 874 1240 consulibus
898 1211 1061 1249 procellosa
1079 1216 1152 1241 tem-
1176 1216 1204 1239 25

82 1258 191 1290 pestate
209 1253 237 1281 in
256 1252 399 1290 Capitolio
415 1253 500 1281 aedes
517 1253 592 1282 lovis
608 1258 636 1281 et
653 1253 728 1282 eirca
751 1257 895 1291 quassata.
928 1254 1074 1291 pontilicis
1091 1264 1152 1283 ma-

81 1296 149 1324 ximi
171 1299 280 1324 tectum
303 1304 370 1324 eum
392 1295 538 1324 columnis
554 1296 583 1324 in
601 1295 730 1324 Tiberim
754 1296 909 1325 deiectum.
941 1296 970 1324 in
992 1296 1070 1325 circo
1089 1297 1153 1326 Fla-

80 1338 170 1366 minio
187 1337 319 1376 porticus
342 1338 420 1366 inter
443 1338 544 1366 aedem
560 1338 683 1367 Iunonis
699 1338 828 1375 Reginae
851 1343 877 1367 et
896 1338 1044 1367 Fortunae
1068 1344 1152 1373 tacta,

79 1386 105 1408 vt
119 1380 197 1409 circa
211 1380 339 1409 aedificia
353 1380 494 1418 pleraque
507 1381 653 1418 dissipata.
680 1385 781 1409 taurus
793 1380 827 1409 ad
841 1380 1072 1410 immolationem
1085 1391 1151 1410 cum

79 1422 237 1451 duceretur
253 1422 290 1450 ob
308 1422 388 1455 llaec,
407 1422 468 1460 ipse
484 1423 605 1451 corruit.
638 1423 785 1452 Dalmatae
802 1423 948 1452 Scordisci
965 1424 1104 1461 superati.
1176 1428 1204 1451 30

170 1466 203 1494 17
222 1462 297 1504 [76].
332 1464 366 1498 Q.
384 1464 500 1502 Opimio
519 1465 550 1493 L.
569 1465 718 1494 Postumio
735 1465 907 1495 consulibus
923 1466 952 1494 in
970 1466 1151 1503 provinciam

81 1507 270 1545 proficiscens
289 1507 455 1536 Postumius
470 1507 575 1536 consul
591 1517 657 1536 cum
675 1507 853 1539 immolaret,
874 1508 901 1536 in
920 1508 1053 1546 plurimis
1070 1509 1152 1538 victi-

79 1549 133 1578 mis
149 1554 235 1587 caput
254 1549 282 1578 in
300 1549 430 1578 iocinere
448 1559 507 1578 non
522 1550 647 1585 invenit;
666 1550 876 1588 profectusque
894 1554 958 1588 post
972 1550 1046 1579 diem
1061 1552 1152 1589 septi-

79 1601 158 1620 mum
182 1600 269 1629 aeger
285 1591 407 1620 Romam
431 1592 539 1621 relatus
561 1592 711 1631 expiravit.
750 1592 892 1630 Compsae
916 1602 994 1621 arma
1018 1593 1046 1621 in
1070 1593 1150 1622 caelo

79 1634 174 1662 volare
198 1634 264 1662 visa.
297 1633 419 1662 l'ulmine
440 1634 580 1672 pleraque
602 1634 733 1664 decussa.
765 1644 779 1663 a
802 1634 890 1663 Gallis
913 1640 940 1663 et
964 1644 978 1663 a
1003 1635 1152 1665 Lusitanis
1176 1640 1203 1664 35

80 1677 202 1705 Romani
220 1686 273 1714 per
289 1685 366 1705 arma
384 1677 508 1714 graviter
524 1677 625 1706 vexati.

170 1719 203 1749 18
221 1716 295 1758 [77].
331 1719 366 1747 Μ.
384 1718 504 1748 Claudio
522 1719 658 1748 Marcello
679 1719 709 1748 L.
728 1719 840 1748 Valerio
858 1719 961 1748 Flacco
979 1720 1151 1749 consulibus

80 1761 205 1790 turbinis
218 1761 243 1790 vi
256 1761 285 1789 in
299 1770 403 1799 eampo
416 1762 553 1790 columna
566 1766 633 1791 ante
646 1762 746 1791 aedem
761 1762 834 1791 lovis
850 1761 971 1791 decussa
986 1772 1052 1791 cum
1065 1763 1150 1801 signo

80 1808 197 1839 aurato;
215 1812 341 1841 cumque
358 1804 507 1842 aruspices
523 1804 747 1842 respondissent
769 1804 989 1842 magistratuum
1010 1809 1036 1834 et
1053 1814 1150 1835 sacer-

80 1846 180 1874 dotum
197 1845 348 1874 interitum
365 1848 443 1881 sore,
467 1855 569 1876 omnes
592 1847 763 1885 magistratu
787 1856 816 1875 se
841 1847 976 1885 protinus
998 1847 1150 1877 abdicare·
1174 1853 1202 1877 40

148 1905 171 1927 7.
189 1903 309 1933 ficerunt]
330 1904 400 1929 HJM.
421 1907 559 1929 vet-mutet:
577 1905 759 1935 sllget·1171!.—-
774 1906 811 1929 12,
831 1905 916 1934 Antis]
937 1905 1001 1929 nach
1020 1905 1149 1931 Heinsius:

79 1937 148 1961 Aut:
169 1939 266 1966 cvm-[1⁴3
287 1937 405 1970 Hllaupt:
426 1938 545 1968 Corfinii.
564 1954 595 1956 —
615 1940 655 1964 20.
676 1939 746 1967 :Iesil
766 1939 829 1963 nach
848 1938 965 1971 HHaupt;
986 1939 1053 1964 Ald.:
1075 1941 1130 1964 esis.

952 1983 996 2007 13*
