1367 2143
130 850 157 874 10

129 1062 156 1085 15

186 76 245 104 142
426 77 454 102 Τ.
475 77 535 102 LlVI
554 76 733 101 PERIOCHAE
752 77 792 102 ET
812 77 1020 103 FRAGMENTA.

183 163 240 190 usu]
261 161 324 186 nach
342 161 480 193 MSeyffert
499 162 548 186 und
567 161 722 189 ASchaefer;
742 161 859 186 Hdschr.:
880 170 981 191 uersum
1001 162 1072 187 dastir
1091 162 1174 187 Halm:
1201 163 1250 186 Ve-

183 204 244 219 nere
262 203 335 223 11s1c33
355 195 532 228 Britzelmayr:
553 196 653 219 uiribus
666 194 726 219 oder
738 197 836 224 nervis,
851 195 1038 227 Freudenberg:
1055 197 1154 221 Venere
1168 204 1250 227 usque

183 231 221 257 [ιή
234 231 382 258 senectam).
393 243 425 246 —
439 230 475 254 19.
494 230 634 258 maximos]
655 228 717 253 nach
736 228 774 253 ed.
785 228 911 260 Mogunt.;
930 229 1045 254 Hdschw
1064 231 1204 254 mamimus
1217 244 1249 247 —

183 263 320 294 Micipsam
331 282 336 287 .
348 264 362 293 .]
383 263 446 287 nach
458 262 496 287 ed.
510 271 547 291 v.;
562 262 677 287 Hdsclu·.:
696 264 806 293 mic-[psa
819 263 915 294 gulusa
928 264 1100 288 manastabal.
1115 279 1145 281 —
1160 266 1200 289 29.
1220 265 1247 287 ἰη

182 299 259 321 cur-ia
275 317 280 321 .
292 298 307 326 .]
331 297 382 328 vgl.
406 297 500 321 Comm.
525 296 597 321 Bern.
624 295 655 320 ad
674 296 731 320 Luc.
757 296 842 321 Phars.
865 296 914 321 Vlu
933 298 988 322 287.
1007 312 1040 315 —
1059 299 1098 323 30.
1117 297 1249 322 Romanos

182 331 295 360 auxilio]
316 331 379 354 nach
399 330 485 358 Drak.;
506 330 622 354 Hdschr.:
643 338 815 354 romanorum
828 332 941 355 alm-ilia.
955 345 981 348 —
995 333 1034 356 34.
1054 333 1099 360 est]
1118 331 1249 363 eingefiigt

182 365 245 388 nach
265 364 303 389 ed.
323 372 359 396 pr.

658 413 724 438 LlB.
744 414 778 438 Ll.

268 475 403 495 PERtOCttA
421 475 475 494 Lm.
493 475 528 494 ιι.
564 465 721 504 Carthago,
745 466 774 494 in
797 466 950 495 circuitum
973 466 1080 504 viginta
1103 466 1154 495 tria
1170 466 1248 495 milia

181 509 304 547 [passus]
317 512 429 547 patens,
446 516 551 545 magno
568 507 666 537 labore
683 508 799 537 obsessa
812 514 838 537 et
852 518 904 547 per
916 513 1012 547 partes
1023 513 1106 547 capta
1119 513 1171 544 est,
1188 509 1248 547 pri-

181 560 261 580 mum
269 560 284 580 a
294 550 428 579 Mancino
441 550 546 588 legato,
558 550 661 579 deiude
674 559 689 579 a
699 550 837 589 Scipione
848 550 979 585 consule,
988 550 1035 579 cui
1048 555 1127 580 extra
1140 555 1247 580 sortem

181 593 330 632 provincia
343 593 438 621 Africa
451 593 513 622 data
525 597 594 622 erat.
624 592 876 630 Carthaginienses
889 597 976 631 portu
991 602 1076 628 novo,
1088 593 1154 631 quia
1167 598 1248 622 vetus

181 646 196 664 a
213 636 351 674 Scipione
368 640 429 664 erat
445 634 629 670 obstructus,
654 637 729 663 facto
746 640 774 664 et
789 640 937 664 contracta
960 635 1033 664 clam
1050 635 1153 673 exiguo
1174 640 1247 664 tem-

182 687 253 717 pore
275 677 369 716 ampla
394 677 485 706 classe
508 677 663 706 infeliciter
685 677 776 706 navali
801 676 911 715 proelio
929 682 1140 715 pugnaverunt.
1175 677 1247 706 Has—

180 719 309 749 drubalis
326 728 453 757 quoque,
470 718 552 747 ducis
569 728 680 753 eorum,
698 724 789 748 castra
805 720 840 748 ad
852 719 1009 757 Nepherim
1026 719 1166 757 oppidum
1181 719 1262 749 loco.

181 761 291 791 difficili
315 761 368 790 sita
393 770 459 790 cum
483 761 610 789 exercitu
634 761 727 789 deleta
748 765 817 789 sunt
840 771 855 790 a
879 761 1033 799 Scipione,
1058 761 1107 799 qui
1131 761 1245 790 tandem

180 804 277 833 urbem
290 803 465 842 expugnavit
476 803 737 841 septingentesimo
750 812 837 838 anno,
855 812 940 841 quam
954 807 1013 832 erat
1029 803 1154 832 condita.
1178 812 1246 841 spo-

181 847 287 876 liorum
304 846 396 875 maior
411 854 477 884 pars
494 844 616 880 Siculis,
640 845 747 883 quibus
763 845 854 874 ablata
871 851 967 881 erant,
990 845 1110 874 reddita.
1145 845 1246 874 ultimo

181 888 263 918 urbis
291 888 401 917 excidio
427 896 492 916 cum
515 896 546 916 se
570 887 731 916 Hasdrubal
758 887 889 926 Scipioni
914 887 1055 921 dedisset,
1079 897 1152 916 uxor
1174 887 1246 923 eius,

182 940 255 969 quae
272 930 372 969 paucis
388 934 454 959 ante
470 929 572 958 diebus
589 930 623 958 de
639 929 742 958 marito
759 929 916 968 impetrare
933 939 991 959 non
1006 934 1148 967 potuerat,
1164 934 1196 958 ut
1211 930 1245 958 ad

182 974 319 1002 victorem
336 972 563 1009 transfugerent,
580 972 609 1000 in
626 971 753 1000 medium
770 981 800 1000 se
817 972 965 1010 flagrantis
981 971 1062 1001 urbis
1077 971 1245 1001 incendium

182 1024 248 1044 cuin
265 1015 379 1044 (luobus
395 1014 495 1043 liberis
517 1023 551 1042 ex
566 1023 631 1042 arce
649 1014 855 1052 praecipitavit.
891 1014 989 1052 Scipio
1006 1014 1138 1052 exemplo
1156 1014 1245 1052 patris

179 1058 223 1087 sui
240 1057 343 1086 Aemili
360 1056 451 1091 Pauli,
468 1056 518 1094 qui
534 1056 733 1085 Macedoniam
751 1056 866 1091 vicerat,
883 1056 967 1085 ludos
983 1056 1050 1085 fecit
1067 1056 1245 1093 transfugas-

180 1110 236 1138 que
254 1109 287 1128 ac
310 1099 444 1136 fugitivos
461 1098 560 1127 bestiis
576 1098 692 1127 obiecit.
727 1098 794 1127 helli
810 1098 927 1127 Achaici
949 1098 1059 1127 semina
1077 1098 1244 1127 referuntur

179 1143 259 1177 haec,
276 1142 354 1180 quod
370 1141 456 1179 legati
472 1140 595 1169 Romani
611 1140 645 1169 ab
660 1140 782 1169 Achaeis
798 1140 903 1178 pulsati
920 1140 977 1169 sint
994 1140 1136 1175 Corinthi,
1154 1140 1243 1175 missi,

178 1190 211 1213 ut
227 1194 273 1213 eas
289 1183 432 1218 civitates,
456 1192 530 1221 quae
552 1182 606 1211 sub
629 1182 744 1211 dicione
760 1182 887 1221 Philippi
910 1183 1039 1218 fuerant,
1065 1182 1100 1210 ab
1117 1182 1244 1211 Achaico

179 1226 304 1256 concilio
322 1229 518 1254 secernerent.

247 1277 270 1300 2.
291 1276 405 1306 [passus]
424 1274 515 1305 getilgt
534 1280 583 1297 von
602 1272 686 1300 HJM.;
711 1273 761 1304 vgl.
784 1275 821 1301 10,
840 1274 862 1300 2,
883 1276 909 1301 9:
929 1274 968 1300 24,
989 1274 1010 1301 3,
1031 1274 1056 1301 3;
1077 1273 1146 1297 Crev.
1166 1280 1245 1297 verm.

177 1317 311 1341 passuum,
330 1322 363 1325 —-
384 1310 421 1332 17.
442 1308 561 1336 Achaeis]
579 1306 650 1332 inach
670 1307 722 1333 Gla:
743 1306 843 1331 Hdclu·.:
869 1308 992 1331 achaicis.
1012 1321 1041 1324 —
1064 1308 1100 1330 19.
1121 1307 1243 1336 concilio]

180 1343 243 1367 nach
257 1343 294 1367 ed,
311 1351 347 1369 V.;
368 1341 482 1365 mist-lux:
503 1340 620 1365 consilio.

647 1415 678 1439 Ll
687 1415 713 1439 B.
734 1415 778 1439 Lll.

264 1478 401 1498 Pentocua
418 1478 472 1496 Lm.
489 1477 537 1495 ιιι.
572 1467 643 1496 Cum
661 1467 797 1502 Achaeis,
819 1467 869 1505 qui
890 1467 919 1496 in
942 1466 1048 1496 auxilio
1064 1466 1189 1495 Boeotos
1215 1473 1242 1496 et

180 1511 383 1541 Chalcidenses
411 1510 571 1545 habebant,
599 1508 632 1542 Q.
655 1509 796 1538 Caecilius
819 1509 950 1538 Metellus
977 1509 1011 1537 ad
1033 1508 1241 1547 Thermopylas

180 1553 255 1583 bello
277 1553 420 1588 conflixit;
446 1551 551 1590 quibus
573 1551 654 1580 victis
678 1551 733 1580 dux
757 1561 857 1580 eorum
880 1551 1023 1580 Critolaus
1045 1555 1170 1580 mortem
1186 1550 1240 1579 sibi

180 1605 292 1625 veneno
310 1595 458 1624 conscivit.
494 1594 522 1622 in
541 1594 623 1622 cuius
639 1593 735 1622 locum
753 1593 866 1629 Diaeus,
884 1593 999 1622 Achaici
1017 1598 1112 1622 motus
1128 1592 1240 1631 primus

178 1643 289 1672 auctor,
306 1638 340 1666 ab
354 1637 476 1666 Achaeis
491 1637 548 1665 dux
565 1641 677 1664 creatus
692 1635 726 1664 ad
744 1635 874 1664 Isthmon
891 1645 906 1664 a
920 1636 950 1664 L.
965 1635 1103 1663 Mummio
1120 1635 1240 1663 consule

180 1681 271 1709 victus
288 1685 347 1715 est;
372 1679 421 1718 qui
438 1678 517 1707 omni
534 1677 639 1707 Achaia
656 1677 685 1706 in
703 1677 877 1706 deditionem
896 1682 1012 1716 accepta
1030 1676 1189 1705 Corinthon
1206 1685 1240 1705 ex

179 1728 296 1751 senatus
321 1721 454 1750 consulto
481 1720 584 1756 diruit,
613 1719 678 1758 quia
704 1719 740 1748 ibi
770 1719 855 1757 legati
879 1719 1001 1748 Romani
1028 1718 1121 1747 violati
1149 1724 1239 1747 erant.

179 1764 295 1793 Thebae
313 1773 429 1802 quoque
453 1770 480 1792 et
496 1762 623 1796 Chalcis,
649 1771 722 1800 quae
745 1762 850 1790 auxilio
875 1762 1002 1795 fuerant,
1025 1761 1144 1790 dirutae.
1179 1761 1240 1799 ipse

180 1807 211 1835 L.
229 1806 385 1835 Mummius
401 1804 680 1834 abstinentissimum
697 1804 788 1833 virum
805 1804 878 1841 egit,
903 1813 956 1833 nec
978 1803 1133 1842 quicquam
1150 1812 1183 1831 ex
1200 1803 1241 1831 eis

129 1853 155 1877 10
178 1848 283 1887 opibus
299 1847 547 1886 ornamentisque,
565 1856 637 1884 quae
655 1846 801 1884 praedives
817 1845 973 1875 Corinthos
994 1845 1111 1879 habuit,
1135 1845 1164 1873 in
1189 1845 1240 1873 do-

178 1900 258 1920 mum
276 1890 337 1919 eius
355 1890 494 1928 pervenit.
522 1888 555 1922 Q.
569 1888 710 1917 Caecilius
722 1888 854 1917 Metellus
870 1888 904 1917 de
921 1887 1062 1916 Andrisco
1081 1887 1239 1925 triumpha-
