1367 2143
153 554 179 580 10

153 765 179 789 15

150 977 178 1001 20

149 1187 176 1211 25

148 1608 177 1632 35

148 1821 175 1845 40

205 85 265 115 292
583 87 654 112 IVLII
673 87 896 117 OBSEQVENTIS

204 173 332 202 disiecta.
358 173 488 202 Lusitani
501 173 675 202 rebellantes
691 173 811 203 subacti.
835 174 901 203 Sex.
918 174 1007 203 Titius
1023 175 1157 206 tribunus
1173 177 1265 215 plebis

205 216 239 244 de
256 215 332 253 agris
349 215 510 245 dividendis
532 216 641 254 populo
664 224 729 244 cum
753 216 988 255 repugnantibus
1004 217 1121 255 collegis
1136 219 1265 256 pertina-

204 258 276 286 citer
292 258 385 295 legem
402 258 505 292 ferret.
523 258 601 287 corvi
618 258 675 286 [luo
693 267 816 287 numero
833 259 861 287 in
879 259 936 287 alto
953 259 1083 288 volantes
1100 259 1137 288 ita
1153 270 1265 299 pugna-

203 304 308 328 verunt
329 309 416 338 supra
439 300 623 335 contionem,
651 304 683 328 ut
705 301 807 330 rostris
830 301 1037 339 unguibusque
1058 301 1264 332 lacerarentur.

204 342 353 380 aruspices
369 351 448 371 sacra
462 342 588 380 Apollini
605 342 713 371 litanda
727 347 755 371 et
767 343 801 371 de
814 343 886 381 lege.
904 352 977 381 qnae
990 343 1147 379 ferebatur,
1163 354 1264 382 super-

203 384 362 413 sedendum
380 385 621 422 pronuntiarunt.
650 385 782 414 fremitus
796 385 830 413 ab
845 385 961 414 inferno
974 385 1008 414 ad
1022 386 1131 414 caelum
1145 386 1214 414 serri
1226 386 1266 414 vi-

203 435 251 455 sus
264 426 393 464 inopiam
410 427 573 464 famemque
587 427 745 464 portendit.
773 427 900 465 populus
910 427 1025 465 stipem,
1041 432 1191 457 matronae
1204 428 1266 457 the-

202 478 320 497 saurum
337 473 366 497 et
381 469 508 506 virgines
524 469 600 497 dona
614 469 711 498 Cereri
725 473 753 497 et
766 469 958 507 Proserpinae
976 470 1116 498 tulerunt.
1150 481 1165 498 >te
1182 480 1197 498 ψ
1216 479 1267 508 per

203 511 330 548 virgines
353 511 454 549 viginti
476 515 587 549 septem
605 511 784 540 cantitatum.
814 512 896 549 signa
915 521 1070 550 cupressea
1087 512 1144 540 duo
1161 512 1267 541 Iunoni

202 553 330 591 Reginae
347 553 449 591 posita.
481 553 509 581 in
528 553 675 582 Lusitania
691 562 833 591 prospere
849 563 862 582 a
880 554 1019 583 Romanis
1036 559 1208 592 pugnatum.

288 597 325 625 47
344 593 439 635 [tim.
472 595 506 629 Q.
525 595 638 624 Metello
656 595 687 624 T.
706 595 786 624 Didio
812 596 982 625 consulibus
998 596 1116 625 bubone
1136 597 1165 625 in
1184 596 1267 634 Capi-

203 637 271 665 tolio
290 646 379 675 supra
402 637 523 666 deorum
541 638 694 667 simulacra
711 638 770 666 viso
787 647 853 667 cum
870 639 1013 676 piaretur,
1037 643 1137 668 taurus
1153 639 1267 667 victima

202 679 341 708 exanimis
354 679 490 708 concidit.
507 679 628 708 fulmine
641 680 778 717 pleraque
789 679 918 709 decussa.
935 681 1031 709 hastae
1040 681 1138 710 Martis
1151 681 1178 709 in
1189 681 1267 718 regia

202 726 306 749 motae.
338 721 412 750 ludis
427 721 456 749 in
474 722 587 750 theatro
604 726 682 750 creta
705 722 825 750 candida
842 723 930 760 pluit:
954 723 1052 760 fruges
1068 727 1093 752 et
1112 727 1267 761 tempesta-

202 768 244 792 les
261 763 410 801 portendit
422 763 523 792 bonas.
547 773 653 792 sereno
666 764 770 792 tonuit.
795 764 871 801 apud
883 764 983 793 aedem
997 764 1139 802 Apollinis
1151 765 1267 793 decem-

201 806 269 834 viris
282 805 501 834 immolantibus
513 810 599 843 caput
616 805 754 835 iocineris
767 815 826 834 non
840 806 902 841 suit..
920 806 1151 835 sacrificantibus
1164 807 1267 844 anguis

200 847 235 876 ad
252 856 329 876 aram
347 847 490 876 inventus.
519 848 586 876 item
604 847 793 886 androgynus
807 848 835 877 in
849 858 928 877 mare
941 849 1119 886 deportatus.
1147 848 1175 877 in
1190 849 1267 877 circo

201 890 278 918 inter
295 889 351 927 pila
368 890 490 918 militum
509 889 584 927 ignis
601 891 692 919 t'usus.
725 890 844 928 Hispani
862 891 995 928 pluribus
1019 891 1138 929 proeliis
1154 890 1265 919 devicti.

287 932 325 961 48
343 930 438 971 [108]
469 931 520 960 Cn.
539 932 673 960 Cornelio
693 932 815 961 Lentulo
834 933 863 961 P.
881 933 992 962 Licinio
1009 932 1179 962 consulibus
1198 942 1267 970 sup-

201 974 338 1012 plicatum
362 974 391 1002 in
408 974 497 1008 urbe,
520 974 597 1011 quod
615 974 803 1012 androgynus
819 975 955 1004 inventus
971 979 996 1003 et
1015 975 1043 1003 in
1062 984 1140 1003 mare
1161 975 1267 1013 depor-

201 1020 276 1045 tatus
300 1020 369 1044 erat.
404 1016 513 1045 l'isauri
537 1021 630 1044 terrae
653 1016 785 1045 fremitus
812 1017 935 1046 auditus.
968 1018 1041 1046 muri
1069 1017 1177 1054 pinnae
1204 1017 1278 1045 sinet

201 1063 295 1087 terrae
313 1062 392 1086 motu
419 1058 525 1096 passim
542 1058 670 1087 deiectae
687 1058 783 1087 civiles
799 1059 976 1096 portendere
992 1059 1159 1088 discordias.
1191 1059 1266 1087 Nur-

200 1101 258 1129 siae
275 1100 462 1129 simulacrum
477 1100 550 1129 Iovis
562 1101 590 1128 in
605 1105 716 1138 partem
733 1101 880 1130 sinistram
897 1110 1080 1130 conversum.
1112 1110 1266 1138 cupressea

200 1142 352 1171 simulacra
376 1142 497 1171 Iunonis
520 1142 649 1180 Reginae
676 1142 768 1180 posita
792 1152 844 1180 per
867 1143 993 1180 virgines
1016 1143 1118 1180 viginti
1145 1147 1266 1180 septem,

200 1194 272 1222 quae
290 1184 392 1213 urbem
410 1184 614 1213 lustraverunt.
647 1184 791 1219 Celtiberi.
809 1185 893 1217 Medi,
913 1185 1036 1213 Dardani
1053 1184 1173 1213 subacti.

285 1228 323 1256 49
342 1224 436 1266 [ltlt'll.
462 1226 512 1255 Cn.
527 1226 652 1255 Domitio
667 1226 695 1255 C.
710 1226 807 1255 Cassio
824 1227 993 1256 consulibus
1006 1227 1091 1265 lupus
1105 1227 1207 1255 urbem
1221 1227 1266 1255 in-
1307 1263 1312 1267 .

199 1278 316 1307 gressus
333 1268 361 1297 in
379 1269 466 1297 domo
485 1269 591 1306 privata
609 1269 732 1297 occisus.
764 1269 843 1297 bubo
855 1270 883 1298 in
898 1269 1039 1307 Capitolio
1057 1268 1179 1298 occisus.
1211 1269 1266 1297 sul-

200 1311 279 1340 mine
296 1311 433 1349 pleraque
451 1310 580 1340 decussa.
613 1311 694 1348 signa
711 1316 809 1340 aurata
825 1311 899 1340 Iovis
915 1320 980 1339 cum
999 1311 1090 1349 capite
1114 1311 1264 1339 columna-

201 1362 256 1391 que
273 1353 399 1381 disiecta.
430 1353 558 1382 Faesulis
580 1353 722 1390 sanguine
739 1358 815 1382 terra
833 1353 967 1382 manavit.
1000 1352 1104 1381 Arretii
1120 1353 1234 1381 mulieri
1252 1362 1266 1381 e

200 1404 270 1424 naso
284 1395 380 1433 spicae
394 1395 477 1423 farris
492 1400 584 1429 natae,
601 1395 700 1424 eadem
720 1395 804 1425 farris
817 1404 906 1433 grana
919 1395 1037 1423 vomuit.
1061 1394 1134 1423 urbe
1147 1395 1265 1423 lustrata

200 1438 396 1470 Ptolemaeus,
415 1446 465 1465 rex
480 1437 611 1475 Aegypti.
630 1437 749 1475 Cyrenis
766 1442 899 1466 mortuus
915 1441 1048 1466 senatum
1066 1437 1265 1475 populumque

199 1479 364 1508 Romanum
381 1479 517 1508 heredem
535 1479 660 1516 reliquit.

285 1524 324 1551 54>
342 1519 437 1561 [110]
477 1521 507 1550 L.
536 1521 638 1550 Crasso
662 1523 696 1554 Q.
719 1520 855 1549 Scaevola
882 1521 1052 1550 consulibus
1076 1521 1163 1550 Caere
1192 1520 1266 1550 lacte

202 1564 283 1602 pluit.
310 1563 452 1592 Lebadiae
464 1563 640 1602 Eutychides
653 1563 681 1591 in
697 1562 836 1600 templum
850 1562 923 1592 Iovis
936 1563 1097 1601 Trophonii
1111 1563 1265 1601 degressus

200 1606 327 1635 tabulam
344 1615 464 1634 aeneam
482 1606 598 1640 extulit.
621 1605 650 1633 in
674 1614 729 1642 qua
750 1605 858 1643 scripta
875 1609 972 1639 erant..
998 1614 1071 1642 qnae
1093 1605 1127 1633 ad
1145 1614 1191 1633 res
1207 1605 1264 1633 Ro-

200 1658 300 1677 manas
316 1648 509 1686 pertinerent.
534 1647 662 1676 fulminis
678 1648 774 1675 afflatu
789 1647 927 1684 pleraque
944 1647 1077 1675 animalia
1095 1647 1264 1675 exanimata.

201 1690 317 1719 Venal'ri
335 1690 413 1719 hiatu
430 1694 505 1719 terra
523 1690 578 1718 alte
595 1689 732 1719 subsedit.
763 1689 893 1717 vultures
909 1698 1011 1717 canem
1028 1693 1175 1717 mortuum
1193 1689 1265 1717 lani-

200 1737 282 1761 antes
305 1733 392 1761 occisi
418 1732 452 1761 ab
476 1732 536 1761 aliis
559 1736 585 1760 et
609 1731 716 1760 comesi
736 1730 909 1760 vulturibus.
940 1740 1032 1769 agnus
1055 1731 1169 1768 biceps,
1192 1740 1266 1768 puer

201 1774 293 1803 tribus
315 1774 448 1803 manibus
472 1774 650 1811 totidemque
673 1773 796 1811 pedibus
813 1777 906 1802 natus.
938 1771 989 1813 [at]
1005 1773 1103 1802 hastae
1120 1772 1218 1801 Martis
1235 1773 1263 1801 in

200 1817 278 1854 regia
296 1821 399 1845 motae.
431 1817 619 1854 androgynus
636 1815 745 1844 Vrbino
763 1819 847 1844 natus
864 1815 892 1843 in
906 1824 985 1844 mare
1002 1815 1179 1853 depcuffatus.
1211 1823 1265 1852 pax

200 1859 277 1888 domi
294 1859 422 1896 forisque
441 1859 503 1888 fuit.

268 1909 290 1932 S.
310 1907 393 1931 Lt'icke
416 1914 598 1938 angeuommen
625 1907 670 1930 mit
693 1905 804 1937 HHaupt.
823 1919 855 1923 —
875 1907 913 1930 30.
933 1907 1005 1935 urbe]
1032 1905 1101 1929 HJM.
1127 1907 1263 1930 vermutet:

201 1943 269 1966 urbs.
289 1956 319 1958 —
340 1942 378 1966 235.
399 1942 434 1970 at]
454 1942 545 1972 getilgt
565 1941 627 1965 nach
646 1939 728 1968 HJM.;
747 1938 811 1963 Jahn
832 1942 966 1964 vermutet:
988 1939 1122 1971 At<ellae>.
