1367 2143
171 48 230 78 168
409 50 439 76 Τ.
459 51 520 76 LlVl
539 51 718 76 PERIOCHAE
737 52 778 77 ET
796 52 1003 79 FRAGMENTA.

167 145 183 165 a
200 135 340 175 Pompeio
358 136 500 175 praeripi,
525 137 573 175 qui
590 136 620 166 in
637 136 749 166 Cretam
766 137 877 166 miserit
893 137 1018 176 legatum
1034 148 1117 168 suum
1135 139 1168 168 ad
1185 149 1232 168 36-

169 177 449 249 lcipiendgtsburbium
474 179 645 208 deditiones.
681 179 837 218 Pompeius
858 179 1001 209 rationem
1023 181 1114 210 reddit
1130 182 1186 210 hoc
1202 191 1233 210 se

180 228 263 249 acere
299 229 313 249 e
336 229 423 249 uisse.

237 278 320 302 8—13
341 280 500 309 (praeterea.
512 296 517 302 .
537 278 663 308 debuisse)
684 278 735 302 11311.
753 278 811 303 Wfl.
832 278 870 303 t'tir
888 279 987 303 unecht.

254 335 327 373 *28)
345 338 380 366 Et
396 338 490 376 primo
508 338 624 376 quidem
642 342 759 367 centum
776 338 876 367 hahuit
888 338 992 375 (Creta)
1006 339 1142 374 civitates,
1156 340 1232 369 unde

170 379 381 418 hecatompolis
398 380 471 409 dicta
489 384 541 415 est,
558 385 624 418 post
639 380 740 417 viginti
758 384 786 409 et
802 385 948 418 quattuor,
966 381 1048 417 inde,
1072 386 1104 410 ut
1119 382 1233 416 dicitur,

170 421 250 456 duas.
267 421 386 450 Gnoson
405 426 432 450 et
448 422 678 460 Hierapydnam,
701 422 830 460 quamvis
847 422 944 452 Livius
966 423 1064 462 plures
1086 433 1100 452 a
1117 423 1233 452 Metello

170 468 349 502 expugnatas
365 464 449 493 (licat.
481 463 560 493 Serv.
577 464 614 493 ad
633 463 710 502 Very.
729 465 795 493 Aen.
812 464 851 493 ΙΙΙ
871 466 939 495 106.

644 554 711 579 LlB.
734 555 759 580 C.

254 615 391 635 6113106111
408 615 462 634 Lm.
478 616 501 635 6.
530 606 559 635 C.
574 606 709 635 Manilius
726 606 860 635 tribunus
876 606 970 645 plebis
985 615 1088 644 magna
1102 607 1234 644 indigna-

170 648 249 677 tione
272 648 430 677 nobilitatis
454 648 547 686 legem
570 648 649 683 tulit,
672 652 704 677 ut
720 648 858 687 Pompeio
876 648 1100 678 Mithridaticum
1126 648 1235 678 bellum

169 690 366 719 mandaretur.
401 690 498 719 contio
521 691 584 719 eius
600 690 686 719 bona.
721 690 754 723 Q.
772 690 905 719 Metellus
929 690 1098 729 perdomitis
1114 690 1235 720 Creten-

170 732 249 761 sibus
266 732 374 761 liberae
390 732 419 760 in
437 732 464 761 id
482 736 598 771 tempus
614 732 726 761 insulae
742 732 821 770 leges
837 732 924 761 dedit.
958 732 1010 761 Cn.
1026 732 1183 770 Pompeius
1200 733 1236 761 ad

132 792 136 797 ·
168 775 327 812 gerendum
344 774 452 803 bellum
469 774 605 803 adversus
620 774 805 803 Mithridaten
823 774 971 812 profectus
993 783 1057 803 cum
1082 783 1149 811 rege
1165 774 1235 803 Par-

169 816 285 846 thorum
297 816 417 845 Phraate
433 816 587 846 amicitiam
601 816 757 845 renovavit.
785 816 912 855 equestri
925 816 1036 855 proelio
1049 816 1232 845 Mithridaten

168 858 244 887 vicit.
273 863 418 898 praeterea
431 858 540 888 bellum
553 859 628 888 inter
640 858 782 887 Phraaten
796 867 893 896 regem
908 858 1080 887 Parthorum
1094 862 1122 887 et.
1133 858 1234 896 Tigra-

170 909 226 929 nen
248 901 451 930 Armeniorum
477 910 510 930 ac
534 901 639 930 deinde
666 900 741 929 inter
769 901 859 930 filium
883 900 1029 938 Tigranen
1062 904 1236 939 patremque

169 947 282 980 gestum
300 942 440 972 continet.

644 990 710 1015 LlB.
731 991 766 1015 Cl.

254 1052 390 1072 remotum
404 1052 457 1071 Lm.
472 1052 506 1071 c1.
535 1042 586 1071 Cn.
597 1042 753 1081 Pompeius
765 1042 949 1071 Mithridaten
964 1046 1108 1071 nocturno
1122 1042 1234 1081 proelio

170 1084 276 1114 victum
293 1085 389 1123 coegit
405 1085 569 1123 Bosporum
587 1085 752 1123 profugere.
786 1084 933 1122 Tigranen
952 1085 979 1113 in
997 1084 1172 1113 deditionem
1186 1094 1233 1114 ac-

169 1127 247 1166 cepit
263 1127 347 1166 eique
363 1127 505 1166 ademptis
522 1126 618 1165 Syria,
642 1127 802 1162 Phoenice,
826 1126 924 1155 Cilicia
941 1135 1063 1164 regnum
1082 1126 1234 1156 Armeniae

168 1169 305 1198 restituit.
337 1169 501 1198 coniuratio
519 1178 635 1204 eorum,
653 1169 702 1207 qui
720 1169 747 1197 in
766 1168 907 1207 petitione
924 1168 1093 1198 consulatus
1109 1168 1235 1198 ambitus

131 1217 142 1237 ἵ
168 1211 295 1241 damnati
318 1215 414 1246 613111,
438 1211 509 1240 saeta
533 1211 567 1240 de
592 1211 802 1240 interficiendis
825 1210 996 1240 consulibus
1019 1220 1158 1249 oppressa
1182 1215 1233 1240 est.

170 1253 221 1283 Cn.
238 1253 405 1292 Pompeius,
422 1262 488 1282 cum
505 1253 690 1282 Mithridaten
707 1257 947 1292 persequeretur,
971 1253 999 1281 in
1017 1253 1133 1282 ultimas
1149 1253 1233 1290 igno-

169 1300 269 1334 tasque
286 1300 386 1333 gentes
403 1295 578 1334 penetravit3
595 1295 720 1324 Hiberos
733 1295 928 1333 Albanosque⁷
946 1295 994 1333 qui
1007 1295 1159 1324 transitum
1174 1304 1232 1323 non

169 1338 290 1373 (labant,
315 1337 426 1376 proelio
448 1337 525 1366 vicit.
556 1342 704 1376 praeterea
728 1337 824 1374 fugam
841 1337 1014 1366 Mithridatis
1035 1346 1087 1375 per
1110 1337 1235 1366 Colchos

169 1380 396 1417 Heniochosque
413 1385 441 1408 et
457 1388 502 1408 res
518 1379 553 1408 ab
571 1388 604 1408 eo
621 1379 650 1408 in
668 1379 799 1418 Bosporo
817 1383 910 1417 gestas
927 1379 1066 1408 continet.

636 1470 700 1494 LlB.
721 1470 766 1494 Cll.

254 1531 391 1551 remoan
408 1532 462 1552 Lm.
480 1531 525 1551 611.
553 1522 604 1551 Cn.
619 1521 776 1560 Pompeius
792 1521 820 1550 in
839 1520 1004 1560 provinciae
1020 1521 1141 1550 sormam
1155 1521 1233 1550 Pon-

170 1568 228 1594 tum
246 1565 365 1602 redegit.
399 1564 576 1599 Pharnaces.
602 1564 678 1593 filius
696 1563 883 1598 Mithridatis,
905 1563 1013 1592 bellum
1036 1563 1109 1602 patri
1126 1563 1232 1592 intulit.

169 1606 204 1636 ab
221 1616 255 1635 eo
272 1607 452 1636 Mithridates
468 1607 603 1636 obsessus
626 1606 654 1635 iu
677 1606 755 1643 regia
780 1615 844 1635 cum
862 1615 973 1634 veneno
996 1610 1112 1644 sumpto
1129 1614 1231 1644 parum

169 1649 342 1688 profecisset
358 1650 392 1678 ad
408 1653 547 1681 mortem,
563 1658 578 1677 a
594 1648 684 1677 milite
701 1647 781 1677 Gallo
800 1648 919 1677 nomine
936 1647 1051 1683 Bitoco,
1075 1657 1089 1676 a
1107 1656 1179 1686 quo,
1201 1652 1232 1676 ut

133 1696 141 1701 '
168 1691 315 1720 adiuvaret
327 1700 367 1726 se,
384 1692 516 1730 petierat,
528 1691 699 1720 interfectus
712 1695 763 1719 est..
795 1690 846 1719 Cn.
860 1689 1017 1728 Pompeius
1029 1689 1150 1718 Iudaeos
1163 1689 1232 1718 sub-

170 1734 241 1771 egit3
267 1734 365 1763 fanum
388 1743 489 1762 eorum
506 1736 537 1763 in
553 1732 769 1771 Hierosolyma,
794 1731 962 1761 inviolatum
978 1736 1046 1761 ante
1062 1731 1089 1760 id
1107 1736 1231 1770 tempus,

169 1775 254 1814 cepit.
289 1775 320 1804 L.
339 1775 460 1805 Catilina
483 1775 527 1805 bis
548 1775 693 1814 repulsam
716 1775 744 1803 in
769 1774 909 1813 petitione
936 1773 1104 1803 consulatus
1131 1782 1234 1812 passus

170 1826 236 1846 cum
252 1817 377 1846 Lentulo
394 1822 528 1856 praetore
545 1822 572 1847 et
588 1817 714 1856 Cethego
738 1821 766 1846 et
783 1816 975 1855 conpluribus
990 1815 1053 1845 aliis
1069 1815 1231 1844 coniuravit

169 1859 205 1888 de
221 1859 307 1889 caede
323 1860 476 1889 consulum
495 1864 523 1889 et
539 1864 672 1896 senatus,
695 1859 838 1903 incendiis
854 1858 933 1888 urbis
950 1862 977 1887 et
994 1858 1184 1897 opprimenda
1200 1866 1234 1886 re

954 2094 1367 2143 ᾈᾈ--Δ
