1367 2143
140 1066 166 1089 10

139 1276 166 1299 15

139 1908 166 1931 ,²10

195 91 255 120 162
434 93 462 118 T.
482 93 543 118 LlVl
562 92 742 117 PERIOCHAE
761 93 801 118 ET
821 92 1029 121 FRAGMENTA.

619 177 637 201 L
644 177 653 202 l
661 177 688 202 B.
708 177 836 203 LXXXXI.

279 229 417 249 inamoena
434 229 488 248 Lm.
505 229 616 249 Lxxxxi.
648 220 700 249 Cn.
716 220 883 260 Pompeius,
902 230 968 250 cum
984 221 1077 251 adhuc
1094 232 1183 261 eques
1199 223 1258 252 Ro-

194 271 298 291 manus
313 266 396 297 esset,
417 271 482 291 curn
499 262 622 301 imperio
639 263 840 301 proconsulari
858 263 994 293 adversus
1010 263 1171 294 Sertorium
1187 266 1257 295 mis-

193 314 243 334 sus
259 309 310 333 est.
343 304 489 334 Sertorius
504 304 614 343 aliquot
630 305 717 334 urbes
730 305 905 344 expugnavit
920 305 1118 345 plurimasque
1130 307 1257 337 civitates

194 347 223 375 in
248 351 419 385 potestatem
446 356 526 376 suani
550 347 668 385 redegit.
707 348 760 386 Ap.
784 347 921 377 Claudius
947 348 1107 386 proconsul
1130 348 1256 379 Thracas

193 388 327 427 pluribus
354 389 472 428 proeliis
498 389 574 418 vicit.
611 388 644 423 Q.
668 389 800 418 Metellus
828 389 985 428 proconsul
1011 390 1043 419 L.
1071 390 1256 427 Hirtuleium,

194 436 377 469 quaestorem
395 431 516 466 Sertori,
533 440 599 460 cum
616 431 743 460 exercitu
761 431 874 461 cecidit.

278 499 349 534 *21)
366 498 427 527 Hoc
444 498 489 531 (ad
506 498 682 534 Lauronem)
699 499 824 537 primum
842 499 986 538 proelium
1003 500 1078 528 inter
1094 499 1255 529 Sertorium

193 545 221 569 et
237 540 408 578 Pompeium
431 540 499 575 suit;
522 540 621 569 decem
644 540 721 569 milia
744 541 896 570 hominum
920 541 954 570 de
974 541 1105 579 Pompeii
1129 542 1257 571 exercitu

192 582 295 611 amissa
316 587 344 611 et
365 583 461 611 omnia
478 583 685 620 impedimenta
702 583 799 611 Livius
818 588 919 612 auctor
942 588 994 612 est.
1025 583 1156 612 Frontin.
1172 589 1256 613 strat.

192 624 263 658 115,
281 625 329 654 31.

277 681 347 719 *22)
371 680 471 711 ‘Nocte
493 686 588 711 tamen
612 683 776 721 insequenti
800 683 863 721 ipso
887 683 1074 720 pervigilante
1101 684 1129 712 in
1154 685 1255 713 eodem

192 725 257 753 loco
274 724 326 753 alia
344 724 464 753 excitata
481 724 569 753 turris
589 724 682 762 prima
698 724 762 753 luce
777 724 918 753 miraculo
931 725 1065 754 hostibus
1077 726 1139 755 fuit.
1172 726 1257 755 simul

193 771 220 795 et
237 766 335 805 oppidi
353 766 452 800 turris,
469 775 542 804 quae
558 766 714 795 maximum
731 767 985 805 propugnaculum
1003 767 1110 803 fuerat,
1127 768 1257 797 subrutis

193 809 389 838 fundamentis
405 808 554 837 dehiscere
570 808 739 846 ingentibus
755 808 835 837 rimis
853 813 880 837 et
903 812 964 837 tum
983 830 1256 838 ............

193 872 320 880 ......
338 860 354 879 o
369 873 375 879 .
391 872 396 879 .
411 872 416 878 .
431 872 436 878 .
451 872 456 878 .
472 873 477 879 .
492 872 498 879 .
513 873 518 879 .
536 854 597 879 tum
614 850 674 888 igni
691 850 797 888 coepit,
814 851 1000 889 incendiique
1016 851 1101 880 simul
1118 856 1145 880 et
1156 852 1258 880 ruinae

192 897 270 921 metu
288 893 378 921 territi
395 892 621 921 Contrebienses
637 893 672 921 de
688 901 772 921 muro
791 893 893 931 trepidi
910 893 1097 930 refugerunt,
1114 899 1151 927 et,
1168 898 1200 922 ut
1215 893 1256 922 le·

192 935 249 973 gati
271 935 456 964 mitterentur
478 935 513 963 ad
529 934 688 963 dedendam
713 934 830 971 urbem,
855 935 890 963 ab
913 935 1046 963 universa
1069 935 1257 964 multitudine

192 977 403 1006 conclamatum
421 981 473 1005 est.
505 977 605 1005 eadem
621 977 728 1012 virtus,
746 986 819 1015 quae
836 982 1054 1015 oppugnantem
1078 977 1255 1012 inritaverat,

191 1019 328 1048 victorem
346 1019 561 1057 placabiliorem
579 1019 654 1047 fecit.
687 1018 837 1047 obsidibus
852 1019 977 1057 acceptis
1001 1020 1142 1057 pecuniae
1163 1019 1256 1048 modi-

190 1070 252 1090 cam
270 1061 364 1098 exegit
380 1069 521 1090 summam
542 1070 679 1098 armaque
703 1061 798 1090 omnia
814 1061 935 1096 ademit;
959 1062 1125 1099 transfugas
1148 1061 1257 1090 liberos

190 1103 268 1132 vivos
283 1103 317 1131 ad
334 1112 364 1132 se
377 1103 479 1132 adduci
492 1103 589 1138 iussit;
605 1103 752 1140 fugitivos,
771 1112 895 1141 quorum
911 1103 1003 1132 maior
1015 1103 1170 1132 multitudo
1185 1108 1254 1138 erat,

191 1145 262 1184 ipsis
285 1145 435 1183 imperavit
456 1150 488 1174 ut
511 1145 718 1174 interficerent.
749 1145 894 1182 iugulatos
916 1146 950 1174 de
972 1154 1055 1173 muro
1077 1145 1254 1174 deiecerunt.

276 1186 347 1216 Cum
364 1196 467 1224 magna
484 1187 592 1216 iactura
610 1187 735 1215 militum
752 1192 889 1225 quattuor
905 1192 932 1216 et
949 1187 1138 1225 quadraginta
1153 1187 1256 1216 (liebus

191 1229 345 1258 Contrebia
368 1233 533 1268 expugnata
560 1229 720 1267 relictoque
742 1228 782 1258 ibi
806 1229 836 1257 L.
855 1229 963 1258 Insteio
977 1251 1254 1258 .................
1289 1252 1294 1257 .
1334 1223 1336 1241 ³

189 1272 252 1310 ipse
268 1272 302 1300 ad
319 1271 459 1300 Hiberum
476 1272 583 1300 flumen
602 1271 701 1310 copias
716 1271 839 1300 reduxit.
871 1271 909 1300 ibi
932 1271 1128 1300 hibernaculis
1150 1280 1255 1300 secun-

190 1314 258 1343 dum
275 1314 426 1352 oppidum,
443 1314 519 1352 quod
537 1313 635 1342 Castra
651 1313 729 1342 Aelia
747 1318 881 1347 vocatur,
905 1313 1060 1342 aedificatis
1082 1314 1145 1352 ipse
1161 1313 1190 1342 in
1208 1323 1254 1342 ca-

190 1356 258 1385 stris
272 1355 423 1390 manebat;
440 1356 566 1384 interdiu
583 1360 758 1384 conventum
771 1355 915 1384 sociarum
928 1355 1085 1384 civitatium
1102 1355 1132 1384 in
1146 1355 1255 1394 oppido

189 1398 300 1435 agebat.
332 1406 410 1426 arma
433 1402 464 1426 ut
487 1398 592 1426 fierent
614 1406 667 1436 pro
692 1397 783 1436 copiis
797 1397 939 1435 cuiusque
956 1397 1074 1436 populi,
1097 1406 1149 1435 per
1166 1401 1255 1426 totam

190 1440 369 1478 provinciam
386 1439 527 1474 edixerat3
546 1439 652 1477 quibus
668 1439 807 1477 inspectis
823 1440 931 1468 referre
947 1443 1042 1468 vetera
1059 1448 1137 1468 arma
1150 1439 1256 1468 milites

139 1488 144 1495 ·
190 1482 282 1515 iussit,
299 1491 372 1520 quae
388 1486 437 1510 aut
453 1481 606 1510 itineribus
622 1481 733 1510 crebris
749 1485 798 1510 aut
815 1481 1080 1519 oppuqnacz'om'bus
1095 1486 1119 1510 et
1137 1481 1254 1519 proeliis

190 1523 307 1553 inutilia
321 1524 392 1552 sacta
406 1528 497 1558 erant,
511 1532 642 1561 novaque
655 1523 689 1551 iis
702 1532 754 1561 per
766 1523 954 1551 centuriones
967 1523 1071 1552 divisit.
1095 1523 1253 1561 equitatum

191 1575 308 1604 quoque
325 1565 407 1595 novis
422 1566 558 1594 instruxit
573 1566 670 1599 armis,
685 1565 917 1603 vestimentaque
941 1570 1109 1603 praeparata
1129 1569 1196 1594 ante
1211 1565 1255 1594 di-

189 1608 247 1637 visa
271 1613 298 1636 et
314 1608 490 1646 stipendium
507 1608 614 1636 datum.
645 1607 740 1636 fabros
761 1617 824 1636 cum
841 1616 909 1636 cura
926 1607 1108 1645 conquisitos
1125 1607 1253 1645 undique

191 1651 342 1685 exciverat,
359 1650 465 1688 quibus
481 1650 509 1678 in
527 1649 642 1679 officina
659 1649 773 1688 publica
790 1649 911 1678 inclusis
928 1658 997 1688 opus
1013 1649 1122 1683 divisit,
1139 1649 1253 1678 ratione

139 1700 144 1706 ·
188 1693 275 1727 inita,
298 1693 365 1730 quid
389 1693 418 1721 in
441 1692 572 1730 singulos
593 1692 654 1720 dies
676 1691 750 1720 effici
773 1696 880 1730 posset.
924 1691 1020 1730 itaque
1050 1691 1145 1719 omnia
1168 1690 1253 1719 simul

190 1735 382 1764 instrumenta
400 1734 467 1763 belli
485 1734 675 1773 parabantur;
698 1743 793 1772 neque
815 1734 932 1762 materia
949 1733 1107 1762 artificibus
1132 1742 1253 1772 praepa-

189 1777 259 1806 ratis
275 1781 340 1805 ante
357 1776 493 1806 omnibus
509 1777 595 1805 enixo
612 1776 769 1805 civitatium
786 1776 881 1805 studio
899 1785 952 1805 nec
968 1784 1020 1804 suo
1035 1776 1158 1813 quisque
1172 1775 1253 1814 operi

190 1819 290 1848 artifex
306 1819 411 1848 deerat.
444 1819 608 1848 convocatis
625 1819 728 1847 deinde
744 1818 874 1847 omnium
898 1817 1073 1857 populorum
1101 1817 1253 1854 legationi-

190 1860 245 1890 bus
267 1865 295 1889 et
318 1861 473 1890 civitatium
494 1861 600 1899 gratias
616 1861 689 1899 egit,
713 1861 806 1899 quod,
829 1869 902 1899 quae
918 1860 1047 1898 inperata
1068 1863 1174 1894 essent,
1190 1860 1253 1888 sine

189 1903 393 1932 detrectatione
412 1903 634 1942 praestitissent;
658 1912 728 1942 quas
750 1903 804 1941 ipsi
828 1912 873 1932 res
888 1903 1004 1940 fortiter
1019 1901 1148 1937 fecissent
1166 1910 1250 1939 quas-
