1367 2143
125 593 153 618 10

123 1240 153 1265 10

180 82 238 111 150
418 83 446 108 Τ.
466 83 527 108 LIVI
545 82 725 109 PERIOCI-IAE
744 84 784 109 ET
804 83 1011 111 FRAGMENTA.

622 167 654 192 LI
663 167 688 192 B.
707 167 797 192 LXIIlI.

261 219 400 239 remocua
417 218 472 239 Lm.
489 219 577 238 Lxl111.
612 210 757 240 Adherbal
780 211 856 240 bello
878 211 985 250 petitus
1007 211 1042 241 ab
1058 212 1197 251 Iugurtha
1213 218 1241 242 et

178 253 206 282 in
228 252 336 291 oppido
359 251 435 281 Cirta
456 251 593 281 obsessus
616 256 718 282 contra
737 252 987 283 denuntiationem
1010 258 1126 284 senatus
1147 254 1182 284 ab
1207 264 1240 284 eo

177 294 291 324 occisus
307 299 359 329 est,
375 298 403 323 et
418 293 455 322 ob
471 294 527 323 hoc
543 294 650 324 bellum
667 294 823 333 Iugurthae
838 295 978 325 indictum
985 305 992 332 ;
1016 296 1104 335 idque
1119 296 1240 336 Calpur-

177 337 243 366 nius
255 336 349 366 Bestia
366 336 469 365 consul
485 345 585 374 gerere
601 337 698 366 iussus
715 347 815 375 pacem
828 346 894 367 cum
906 337 1044 376 Iugurtha
1057 338 1170 368 iniussu
1187 348 1240 378 po-

175 379 237 418 puli
254 383 283 407 et
298 382 415 408 senatus
428 378 503 407 fecit.
526 379 665 417 Iugurtha
677 379 734 408 fide
746 379 862 418 publica
875 385 1009 409 evocatus
1022 380 1055 409 ad
1070 380 1240 410 indicandos

177 425 311 450 auctores
332 420 521 450 consiliorum
544 430 679 457 suorum,
707 422 784 459 quod
807 422 914 451 multos
937 422 1061 461 pecunia
1085 422 1114 452 in
1140 427 1240 452 senatu

177 463 342 501 corrupisse
358 462 524 498 dicebatur,
542 463 662 492 Romam
679 463 758 492 venit
774 470 801 493 et
817 469 939 503 propter
954 464 1070 493 caedem
1086 464 1240 494 admissam

176 505 206 534 in
223 504 356 543 regulum
374 505 518 543 quendam
536 506 654 534 nomine
667 505 827 541 Massivam,
846 506 895 544 qui
912 515 1035 544 regnum
1052 506 1115 536 eius
1130 507 1240 545 populo

176 546 308 576 Romano
325 547 409 576 invisi
421 547 581 577 adfectabat
594 547 713 584 [Romae
726 548 933 585 intersectum,
950 557 1015 577 cum
1028 548 1242 587 periclitaretur

176 598 291 618 causam
304 589 405 627 capitis
417 589 524 625 dicere,
541 589 613 619 clam
626 590 756 628 profugit
769 595 796 619 et
809 590 914 619 cedens
927 590 998 619 urbe
1012 591 1105 620 fertur
1120 590 1241 620 dixisse:

173 628 203 660 ‘o
228 631 328 660 urbem
352 631 481 660 venalem
504 636 532 660 et
554 632 610 661 cito
634 631 808 670 perituram,
835 632 858 661 si
883 637 1044 671 emptorem
1071 630 1240 662 inveneritl’

176 674 209 702 A.
221 673 388 703 Postumius
403 673 515 711 legatus
531 673 684 702 infeliciter
700 674 811 712 proelio
825 674 961 703 adversus
974 674 1147 712 Iugurtham
1161 679 1241 713 gesto

175 725 277 754 pacem
294 724 411 754 quoque
427 715 531 744 adiecit
547 715 770 753 ignominiosam
781 738 788 751 ‚
813 725 899 754 quam
917 726 976 745 non
993 726 1055 746 esse
1072 717 1241 746 servandam

175 762 293 786 senatus
309 757 432 786 censuit.

634 814 699 839 LIB.
720 814 791 839 LXV.

260 867 397 887 pemocua
423 866 478 886 Lm.
506 866 568 886 va.
610 857 643 891 Q.
670 857 811 887 Caecilius
838 857 971 887 Metellus
998 858 1100 888 consul
1128 858 1242 888 duobus

175 899 293 939 proeliis
310 900 479 938 Iugurtham
496 899 570 928 fudit
586 904 733 938 totamque
749 899 914 929 Numidiam
930 900 1056 929 vastavit.
1086 900 1124 929 M.
1142 900 1243 930 Iunius

176 942 292 971 Silanus
319 942 421 971 consul
449 941 584 971 adversus
612 941 744 971 Cimbros
772 942 927 971 infeliciter
953 942 1100 981 pugnavit.
1142 942 1243 980 legatis

176 984 360 1013 Cimbrorum
377 984 474 1013 sedem
492 989 521 1012 et
536 992 630 1021 agros,
647 984 676 1012 in
694 983 801 1022 quibus
814 984 1010 1019 considerent,
1027 984 1243 1023 postulantibus

174 1031 292 1056 senatus
316 1026 438 1064 negavit.
474 1025 511 1054 M.
529 1025 675 1054 Minucius
692 1026 851 1064 proconsul
878 1026 1015 1055 adversus
1030 1026 1157 1055 Thracas
1173 1035 1243 1065 pro-

174 1077 258 1107 spere
275 1068 423 1107 pugnavit.
457 1067 489 1096 L.
507 1067 622 1097 Cassius
637 1067 742 1096 consul
758 1077 772 1096 a
789 1067 938 1106 Tigurinis
954 1068 1057 1106 Gallis,
1083 1077 1156 1107 pago
1173 1068 1243 1097 Hel-

173 1110 332 1145 vetiorum,
349 1110 397 1148 qui
413 1119 428 1139 a
445 1109 558 1138 civitate
575 1114 769 1146 secesserant,
786 1110 814 1138 in
832 1110 939 1139 finibus
954 1110 1158 1148 Nitiobrogum
1176 1119 1242 1140 cum

175 1153 303 1182 exercitu
321 1161 422 1181 caesus
438 1156 490 1180 est.
524 1151 641 1186 milites,
659 1151 709 1190 qui
727 1161 759 1180 ex
777 1160 809 1180 ea
826 1152 905 1181 clade
921 1156 1147 1191 superaverant,
1164 1152 1242 1181 obsi-

174 1194 261 1223 dibus
276 1194 350 1223 datis
366 1198 394 1222 et
409 1193 525 1222 dimidia
542 1202 638 1222 rerum
656 1194 787 1222 omnium
805 1198 903 1232 parte,
919 1198 951 1223 ut
967 1194 1129 1223 incolumes
1145 1195 1241 1224 (limit—

176 1241 317 1271 terentur,
335 1245 400 1265 cum
416 1235 550 1264 hostibus
565 1235 642 1274 pacti
659 1240 736 1265 sunt.

626 1317 691 1342 LIB.
712 1317 793 1343 val.

258 1370 395 1391 remeans
419 1370 474 1389 Lm.
498 1370 570 1389 var
611 1361 752 1399 Iugurtha
776 1361 877 1400 pulsus
900 1370 916 1390 a
933 1361 963 1390 C.
986 1361 1074 1390 Mario
1096 1360 1241 1396 Numidia,

174 1413 240 1433 cum
253 1403 359 1433 auxilio
372 1403 490 1438 Bocchi,
504 1402 671 1432 Maurorum
684 1403 770 1440 regis,
787 1403 903 1432 adiutus
919 1407 1002 1438 esset,
1021 1403 1112 1432 caesis
1128 1403 1240 1442 proelio

174 1445 281 1475 Bocchi
292 1454 408 1484 quoque
418 1444 519 1483 copiis,
534 1444 652 1474 nolente
661 1445 778 1474 Boccho
787 1445 895 1474 bellum
908 1445 1062 1474 infeliciter
1071 1450 1241 1484 susceptum

175 1488 284 1517 diutius
293 1487 446 1522 sustinere,
460 1486 576 1523 [noluit]
585 1487 700 1516 vinctus
711 1487 746 1516 ab
761 1496 794 1516 eo
808 1491 836 1516 et
844 1487 934 1516 Mario
948 1487 1067 1516 traditus
1079 1491 1131 1523 est,
1143 1487 1172 1516 in
1184 1497 1240 1526 qua

174 1539 205 1560 re
222 1529 377 1569 praecipua
394 1537 483 1567 opera
499 1528 531 1557 L.
545 1528 660 1558 Corneli
678 1528 781 1567 Syllae,
800 1529 962 1567 quaestoris
978 1529 1008 1558 C.
1026 1529 1106 1565 Mari,
1124 1529 1186 1559 fuit.

241 1590 264 1612 4.
285 1588 388 1617 [noluit]
408 1586 498 1617 getilgt
518 1586 582 1610 nach
601 1586 638 1610 ed.
658 1593 707 1617 pr.;
726 1586 805 1610 Jahn:
825 1586 917 1611 voluit.

260 1648 275 1665 *
294 1646 322 1685 [†
338 1646 372 1680 Q.
389 1646 528 1676 Servilius
544 1650 573 1675 et
589 1645 620 1674 C.
637 1645 741 1675 Atilius
758 1645 908 1675 Serranus.
940 1646 985 1675 his
1001 1645 1172 1675 consulibus
1187 1655 1241 1684 pes

175 1689 329 1718 Servilium
346 1689 522 1728 Caepionem
538 1688 689 1717 consulem
711 1688 815 1717 iudicia
836 1688 982 1726 equitibus
1006 1692 1034 1716 et
1055 1688 1240 1717 senatoribus

175 1732 388 1760 communicata
405 1732 442 1768 (a.
461 1740 488 1759 u.
505 1742 531 1762 c.
548 1731 624 1766 64&
641 1739 665 1759 a.
683 1730 750 1759 Chr.
768 1739 796 1759 n.
817 1731 898 1766 106).
932 1730 1055 1760 Cassiod.
1072 1729 1180 1767 chron]

618 1805 636 1829 L
643 1805 651 1829 I
659 1804 687 1830 B.
707 1803 798 1829 LXVII.

259 1857 396 1876 manmena
413 1857 468 1877 Lm.
485 1857 569 1877 vau.
604 1848 641 1877 M.
659 1847 792 1877 Aurelius
808 1847 949 1883 Scaurus,
973 1847 1084 1885 legatus
1100 1847 1238 1884 consulis,

174 1899 191 1919 a
207 1889 330 1919 Cimbris
353 1890 416 1919 suso
440 1890 566 1920 exercitu
590 1894 691 1929 eaptus
707 1894 761 1926 est;
786 1894 814 1919 et
836 1899 903 1919 cum
924 1889 954 1919 in
976 1889 1130 1920 consilium
1146 1889 1181 1919 ab
1198 1890 1239 1919 eis
