1367 2143
136 845 161 868 10

136 1055 162 1079 15

151 1494 164 1517 5

138 1703 165 1727 10

183 79 242 110 180
423 81 451 106 Τ.
471 81 531 106 LIVI
551 81 729 106 PERJOCHAE
748 81 788 106 ET
808 81 1016 108 FRAGMENTA.

267 169 283 186 *
299 166 339 204 [C.
357 166 447 196 Iulius
463 166 567 196 Caesar
583 166 717 206 quintum
735 171 762 196 et
780 167 816 196 M.
831 168 984 197 Antonius.
1015 168 1059 197 liis
1076 167 1245 197 consulibus

183 209 220 238 M.
244 209 389 238 Antonius
411 208 621 248 Lupercalibus
642 209 710 238 sella
738 218 822 238 aurea
846 210 958 238 sedenti
979 209 1091 239 Caesari
1116 210 1244 239 diadema

182 251 317 280 renuenti
334 251 487 290 imposuit,
503 257 589 290 atque
606 251 700 280 idibus
716 251 826 280 Martiis
842 251 946 281 Caesar
967 252 995 281 in
1013 252 1149 291 Pompeia
1165 252 1245 281 curia

184 293 297 322 occisus
314 297 353 322 est
372 298 407 325 (a.
426 303 453 322 u.
471 303 494 323 c.
513 295 589 329 7io;
607 303 631 322 a.
649 293 715 322 Clir.
733 303 760 322 n.
779 295 840 330 44).
873 293 996 324 Cassiod.
1014 294 1120 330 chron]

628 401 659 424 LI
668 400 693 425 Β.
714 400 806 425 CXVII.

269 469 404 489 raaioeiia
422 470 475 489 1⁴18.
494 469 575 489 cxvu.
607 460 637 489 C.
656 460 792 489 Octavius
808 460 927 489 Romam
952 470 984 489 ex
1002 461 1090 500 Epiro
1114 461 1189 490 venit
1207 478 1247 483 —

185 511 218 531 eo
242 503 318 531 enim
343 502 422 531 illum
441 503 544 531 Caesar
566 503 748 541 praemiserat
774 503 881 531 bellum
904 503 932 531 in
958 503 1123 533 Macedonia
1149 509 1246 541 gestu-

184 554 233 573 rus
260 562 299 565 ——
328 545 532 583 ominibusque
561 545 708 583 prosperis
736 549 872 583 exceptus
903 546 949 582 [et]
985 554 1090 574 nomen
1119 545 1248 575 Caesaris

185 587 317 625 sumpsit.
351 587 379 616 in
397 587 570 616 contusione
586 596 683 616 rerum
699 596 732 615 ae
748 588 873 616 tumultu
890 587 927 615 M.
945 587 1072 626 Lepidus
1096 588 1247 626 pontifica-

186 633 244 658 tum
261 630 417 658 maximum
435 629 598 667 intercepit.
630 634 658 658 et
674 629 709 658 M.
729 629 872 658 Antonius
886 629 989 658 consul
1003 639 1067 658 cum
1082 630 1248 668 inpotenter

185 671 383 700 dominaretur
407 671 558 709 legemque
581 672 615 700 de
643 671 856 709 permutatione
880 672 1093 710 provinciarum
1118 681 1169 710 per
1192 672 1246 700 vim

186 713 296 742 tulisset
321 717 345 741 et
365 713 514 742 Caesarem
533 722 650 751 quoque
667 718 828 751 petentem,
853 718 884 742 ut
908 713 960 742 sibi
978 714 1114 743 adversus
1129 723 1247 753 percus-

185 764 265 784 sores
281 755 414 784 avunculi
432 756 560 790 adesset,
584 755 695 793 maguis
712 755 826 784 iniuriis
842 755 1008 789 adfecisset,
1032 755 1135 785 Caesar
1151 761 1177 784 et
1194 756 1247 784 sibi

185 803 211 825 et
229 797 268 826 rei
287 797 419 835 publicae
436 797 510 825 vires
526 797 661 826 adversus
678 806 742 826 eum
757 802 910 835 paraturus
922 797 1063 826 deductos
1077 798 1104 826 in
1119 797 1249 827 colonias

186 844 336 868 veteranos
353 839 493 868 excitavit.
525 839 655 877 legiones
678 849 794 878 quoque
818 844 918 878 quarta
942 844 968 868 et
986 839 1085 869 Martia
1108 840 1190 877 signa
1214 840 1248 869 ab

186 882 313 910 Antonio
341 882 374 910 ad
403 881 552 910 Caesarem
580 881 727 917 tulerunt;
764 881 866 910 deinde
894 887 922 911 et
952 882 1109 920 conplures
1135 882 1248 911 saevitia

186 923 222 952 M.
237 924 356 959 Antoni,
373 923 479 962 passim
493 924 521 952 in
539 924 640 953 eastris
656 924 716 952 suis
729 924 899 953 trucidantis
917 924 964 962 qui
979 925 1004 953 ei
1019 925 1144 963 suspecti
1157 929 1250 958 erant,

185 966 218 994 ad
237 966 386 995 Caesarem
403 966 594 995 desciverunt.
626 966 658 994 D.
676 966 799 1001 Brutus,
816 970 848 994 ut
864 966 973 1004 petenti
992 966 1166 1005 Cisalpinam
1183 966 1248 995 Gal-

186 1007 251 1036 liam
267 1008 395 1037 Antonio
413 1008 574 1043 obsisteret,
592 1008 730 1037 Mutinam
749 1017 814 1037 cum
832 1008 958 1037 exercitu
976 1008 1138 1046 occupavit.
1167 1018 1249 1047 prae-

186 1054 260 1079 terea
285 1051 446 1079 discursum
472 1050 622 1088 utriusque
650 1051 738 1089 partis
762 1050 887 1079 virorum
912 1051 945 1079 ad
975 1050 1159 1089 accipiendas
1182 1060 1249 1089 pro-

186 1092 293 1121 vincias
309 1098 521 1131 apparatusque
538 1092 603 1121 belli
621 1093 761 1121 eontinet.

255 1161 276 1183 3.
297 1160 338 1188 [el]
357 1166 463 1182 nomen:
485 1158 548 1182 nacli
564 1158 656 1186 Wssb.;
677 1158 793 1183 Hdsclir.:
814 1161 838 1182 el
854 1166 960 1186 nomem
981 1158 1034 1182 th.
1049 1161 1185 1182 vermutet:
1206 1167 1249 1182 ar—

186 1194 275 1223 ceptus
294 1192 356 1224 <esc>
376 1194 406 1215 el.
426 1207 456 1209 ᾖ
481 1194 516 1216 15.
537 1193 692 1221 dasem-sum]
718 1192 780 1216 nach
801 1192 847 1216 deii
868 1192 983 1221 Hdsctu>.;
1008 1192 1084 1216 Jahn:
1109 1192 1249 1216 discursas.

628 1301 692 1324 LIB.
712 1301 815 1325 CXVIII.

273 1370 408 1389 PERlOCHA
431 1371 485 1389 Lus.
508 1370 599 1389 cxviii.
637 1361 674 1389 M.
697 1360 803 1390 Brutus
827 1361 855 1389 in
880 1360 996 1390 Graecia
1024 1361 1077 1390 sub
1102 1365 1249 1399 praetextu

188 1403 228 1431 rei
247 1403 381 1441 publicae.
398 1408 424 1432 et
441 1403 568 1441 suscepti
586 1408 685 1432 contra
703 1402 740 1431 M.
758 1403 916 1431 Antonium
934 1403 1001 1431 belli
1019 1403 1187 1438 exereitum,
1203 1403 1249 1432 cui

186 1445 218 1474 P.
235 1444 365 1474 Vatinius
381 1450 527 1483 praeerat,
550 1454 615 1474 cum
634 1444 782 1483 provincia
800 1445 828 1473 in
846 1449 1016 1483 potestatem
1033 1454 1113 1474 suam
1130 1445 1250 1483 redegit.

188 1487 219 1516 C.
236 1486 364 1521 Caesari,
387 1487 434 1525 qui
453 1487 580 1526 privatus
602 1487 642 1515 rei
660 1486 793 1525 publicae
815 1496 892 1515 arma
916 1492 1093 1525 sumpserat,
1110 1497 1250 1526 proprae—

189 1529 259 1558 toris
275 1529 428 1568 imperium
445 1539 459 1558 a
476 1533 577 1558 senatu
594 1529 690 1557 datum
708 1533 750 1558 est
766 1537 831 1557 cum
853 1529 1055 1558 consularibus
1071 1531 1251 1559 ornamentis

189 1571 401 1610 adiectumque,
418 1576 448 1600 ut
464 1576 582 1600 senator
605 1575 689 1599 esset.
720 1571 757 1599 M.
775 1571 920 1600 Antonius
937 1571 968 1600 D.
986 1571 1106 1600 Brutum
1123 1572 1250 1600 Mutinae

190 1613 312 1647 obsedit,
329 1614 468 1652 missique
483 1614 516 1643 ad
534 1623 598 1642 eum
616 1622 629 1642 a
647 1617 746 1642 senatu
764 1613 848 1650 legati
866 1613 900 1642 de
918 1623 988 1652 pace
1010 1623 1112 1652 parum
1129 1614 1162 1642 ad
1180 1623 1250 1643 con-

190 1656 353 1694 ponendam
371 1665 433 1685 eam
450 1656 610 1685 valuerunt.
643 1655 769 1694 populus
787 1655 934 1684 Romanus
957 1665 1023 1693 saga
1047 1656 1178 1694 sumpsit.
1213 1656 1249 1684 M.

188 1697 295 1726 Brutus
311 1698 338 1726 in
357 1698 444 1736 Epiro
462 1698 491 1727 C.
510 1698 669 1727 Antonium
691 1703 852 1736 praetorem
878 1707 943 1727 cum
966 1698 1091 1727 exercitu
1115 1698 1250 1736 potestati

190 1749 257 1768 suae
274 1740 406 1769 subiecit.

275 1808 326 1843 59)
343 1806 440 1836 Livius
457 1807 484 1835 in
499 1816 595 1835 cxwu:
611 1803 758 1836 ‘adversus
774 1806 975 1835 interfectores
988 1806 1018 1835 C.
1031 1806 1159 1835 Caesaris
1174 1806 1250 1835 ulto-

190 1849 270 1877 ribus
283 1857 400 1877 manum
413 1858 577 1887 conparans
589 1846 741 1878 concibat'.
760 1848 898 1878 Priscian.
911 1850 976 1877 inst.
985 1857 1105 1886 yramm.
1115 1848 1190 1877 VIIII
1200 1851 1250 1883 40,

191 1890 219 1920 S.
238 1892 298 1922 865
316 1890 347 1919 P.
367 1893 393 1926 1,
411 1891 438 1919 S.
457 1893 527 1924 477,
548 1892 558 1920 1
578 1890 644 1920 th.

1327 1751 1343 2143 Εΐ-Ἶῂρή-ὴῑ
1329 1699 1331 1719 -
