1367 2143
155 281 181 305 15

151 492 179 516 20

148 1139 178 1164 10

150 1349 177 1374 15

149 1560 177 1584 20

207 106 266 135 146
446 108 474 133 Τ.
495 108 554 133 LIVI
574 108 753 134 PERIOCHAE
771 109 812 134 ET
832 109 1038 136 FRAGMENTA.

205 192 304 222 liberis
331 193 563 233 coniugibusque
592 194 740 224 trucidatis
768 195 823 234 ipsi
851 204 881 224 se
906 195 1126 225 interemerunt.
1169 194 1267 234 Scipio

205 235 382 274 amplissima
404 244 525 265 munera
549 237 636 266 missa
659 236 713 265 sibi
736 237 770 266 ab
790 237 948 272 Antioche,
971 246 1040 275 rege
1062 237 1175 276 Syriae,
1201 246 1268 266 cum

205 277 298 307 celate
311 277 374 306 aliis
390 277 615 316 imperatoribus
630 287 731 316 legum
747 288 867 308 munera
885 287 947 307 mos
964 283 1048 314 esset,
1064 289 1117 318 pro
1130 279 1267 308 tribunali

206 317 262 360 [ea]
279 323 467 358 accepturum
483 329 513 350 se
530 330 592 349 esse
609 320 678 349 dixit
694 321 850 368 omniaque
867 330 897 350 ea
915 325 1097 359 quaestorem
1113 321 1243 351 reserle
1237 330 1266 350 ln

204 361 336 400 publicas
353 361 464 391 tabulas
480 362 577 392 iussit:
602 372 634 391 ex
650 363 695 391 his
711 372 741 392 se
753 363 820 392 viris
833 362 956 392 sortibus
969 363 1043 392 dona
1053 372 1112 393 esse
1124 364 1267 392 daturum.

205 413 271 433 cum
287 404 417 442 undique
429 403 612 434 Numantiam
630 404 782 434 obsidione
799 405 931 434 clusisset
948 409 976 434 et
991 405 1125 434 obsessos
1141 405 1214 434 l'ame
1225 404 1266 433 vi-

205 446 286 475 deret
301 446 414 484 urgeri,
431 446 546 482 hostes,
564 447 612 485 qui
630 446 797 485 pabulatum
815 447 959 482 exierant,
976 447 1066 476 vetuit
1083 447 1185 481 occidi,
1201 446 1267 484 quia

202 488 309 517 diceret
336 487 463 517 velocius
491 498 540 518 eos
563 489 769 527 absumpturos
794 489 933 518 frumenti
958 489 1036 527 quod
1062 489 1216 523 haberent,
1245 488 1268 517 si

202 530 302 569 plures
318 530 449 559 fuissent.

270 580 292 603 4.
304 580 328 608 a]
340 578 408 603 HJM.
420 581 545 603 vermutet
555 587 578 607 (η
591 578 640 610 Mg‘.
649 579 753 604 streicht
763 588 778 604 a
789 579 853 604 nach
865 579 970 604 Delrius.
979 592 1011 596 —-
1020 581 1041 604 5.
1052 580 1090 610 ac]
1103 579 1166 603 nach
1176 578 1213 603 ed.
1223 586 1269 610 pr.;

203 611 319 636 Htlschr.:
339 612 380 637 acl.
400 627 432 630 —
454 614 491 637 10.
511 613 729 644 deprehendisset]
749 613 811 637 nach
828 613 890 644 ng·.;
910 613 982 637 Naz.:
1003 613 1088 644 [lepre.
1108 627 1139 630 -
1162 614 1198 637 16.
1218 613 1267 642 [ea]

202 646 293 677 getilgt
311 646 374 670 nach
394 645 430 670 Fr.
451 647 472 671 2.
492 661 524 663 —
547 647 582 671 17.
602 647 642 670 11ιέ
660 656 686 669 so
706 665 729 672 ..
747 649 807 676 esse]
827 647 890 671 nach
910 646 992 673 Halm:
1012 646 1086 671 Naz.:
1106 648 1146 670 liis
1164 654 1268 671 se..se.

653 712 683 737 Ll
692 712 718 737 B.
739 712 818 737 LVIII.

288 765 423 784 PERIOCHA
448 764 503 783 Lm.
528 765 604 784 m·.111
648 755 711 784 Tib.
740 755 932 794 Sempronius
958 755 1106 785 Glacchus
1133 755 1268 785 tribunus

202 797 306 836 plebis
323 807 388 827 cum
406 797 497 847 legem
511 797 651 834 agrariam
664 797 752 826 ferret
767 798 902 827 adversus
917 798 1094 827 voluntatem
1110 804 1227 827 senatus
1240 802 1268 827 et

203 840 345 878 equestris
362 820 497 868 ordinis‘
502 848 538 868 ne
555 839 620 878 quis
636 848 669 868 ex
689 839 807 878 publico
820 849 888 878 agro
903 840 968 879 plus
981 849 1066 878 quam
1078 839 1174 869 mille
1168 849 1266 878 iugera

204 879 384 920 possideret,
401 882 429 910 in
447 890 512 910 eum
530 882 658 910 furorem
676 881 795 916 exarsit,
820 887 850 911 ut
866 882 904 911 M.
922 881 1039 911 Octavio
1056 882 1184 920 collegae
1200 891 1268 911 cau-

201 933 261 953 sam
278 924 405 953 diversae
422 924 512 962 partis
528 923 694 952 defendenti
711 928 882 962 potestatem
899 924 962 962 lege
984 923 1038 953 lata
1055 924 1208 962 abrogaret
1222 933 1267 953 se-

203 975 259 1005 que
276 970 304 995 et
319 966 348 995 C.
363 966 525 995 Gracchum
542 965 658 994 fratrem
676 970 703 994 et
715 967 767 1004 Ap.
781 965 932 995 Claudium
949 975 1083 995 socerum
1100 966 1266 995 triumviros

202 1008 235 1038 ad
253 1008 438 1037 dividendum
455 1016 555 1045 agrum
573 1011 691 1036 crearet.
727 1008 920 1046 promulgavit
936 1012 963 1037 et
978 1008 1061 1037 aliam
1078 1009 1171 1046 legem
1184 1017 1265 1046 agra-

202 1051 283 1086 riam,
301 1060 355 1089 qua
373 1050 425 1079 sibi
442 1049 527 1079 latius
543 1059 643 1087 agrum
660 1049 843 1088 patefaceret,
860 1054 891 1079 ut
907 1050 981 1079 idem
998 1050 1139 1079 triumviri
1158 1050 1265 1079 iudica·

202 1097 276 1129 rent,
292 1101 347 1131 qua
364 1091 500 1132 publicus
515 1100 593 1130 ager,
610 1101 665 1130 qua
682 1091 810 1130 privatus
826 1096 910 1121 esset.
945 1092 1063 1128 deinde,
1086 1101 1151 1121 cum
1168 1092 1266 1121 minus

200 1135 260 1173 agri
284 1138 375 1170 esset,
399 1143 484 1172 quam
508 1134 585 1172 quod
608 1133 693 1163 dividi
716 1138 814 1172 posset
836 1134 898 1163 sine
921 1134 1031 1163 offensa
1056 1134 1139 1163 etiam
1163 1134 1266 1173 plebis,

202 1177 338 1215 quoniam
356 1185 405 1205 eos
421 1176 454 1205 ad
472 1176 658 1214 cupiditatem
670 1175 797 1214 amplum
811 1176 929 1205 modum
941 1177 1077 1215 sperandi
1089 1176 1266 1211 incitaverat,

201 1218 295 1257 legem
318 1228 348 1247 se
369 1218 620 1257 promulgaturum
638 1218 780 1254 ostendit,
807 1224 837 1247 ut
860 1218 917 1251 eis,
940 1218 988 1256 qui
1006 1218 1178 1256 Sempronia
1202 1218 1265 1256 lege
1290 1248 1295 1252 ,

201 1270 303 1298 agrum
315 1261 447 1299 accipere
465 1260 614 1295 deberent,
632 1260 764 1299 pecunia,
783 1269 856 1298 quae
872 1260 949 1297 regis
962 1260 1046 1289 Attali
1065 1261 1176 1295 suisset,
1193 1260 1264 1289 divi-

201 1303 328 1332 deretur.
359 1303 494 1331 heredem
518 1307 613 1332 autem
632 1302 774 1340 populum
793 1302 954 1331 Romanum
971 1302 1127 1340 reliquerat
1143 1302 1264 1337 Attalus,

200 1354 249 1374 rex
263 1345 404 1383 Pergami,
415 1345 554 1373 Eumenis
568 1344 653 1373 [ilius.
676 1348 717 1373 tot
731 1344 952 1382 indignitatibus
965 1348 1127 1373 commotus
1140 1345 1265 1382 graviter

200 1392 330 1422 senatus,
345 1391 411 1415 ante
428 1387 523 1415 omnis
539 1386 571 1414 T.
590 1386 703 1415 Annius
719 1386 890 1420 consularis,
910 1386 974 1424 qui,
992 1396 1054 1416 cum
1070 1386 1099 1414 in
1117 1391 1218 1415 senatu
1235 1386 1264 1415 in

201 1429 363 1458 Gracchum
379 1433 553 1467 perorasset,
570 1432 669 1466 raptus
684 1428 719 1457 ab
737 1437 770 1457 eo
787 1429 820 1457 ad
842 1428 982 1467 populum
996 1429 1168 1466 delatusque
1186 1428 1262 1466 plebi

199 1480 303 1500 rursus
319 1471 347 1499 in
366 1479 431 1500 eum
449 1480 501 1509 pro
519 1470 620 1499 rostris
637 1470 821 1499 contionatus
839 1475 890 1499 est.
923 1479 988 1499 cum
1006 1470 1109 1499 iterum
1127 1469 1264 1499 tribunus

200 1513 293 1552 plebis
310 1513 401 1542 creari
417 1513 502 1542 vellet
520 1512 684 1547 Gracchus,
707 1516 825 1541 auctore
842 1512 872 1540 P.
891 1512 1024 1541 Cornelio
1042 1512 1144 1541 Nasica
1164 1512 1193 1541 in
1211 1512 1264 1541 Ca-

200 1555 301 1594 pitolio
317 1555 352 1584 ab
370 1554 559 1594 optimatibus
576 1554 689 1584 occisus
705 1559 757 1590 est,
775 1554 850 1583 ictus
866 1554 992 1593 primum
1010 1554 1179 1592 fragmentis
1195 1554 1264 1583 sub-

199 1597 283 1633 sellii,
301 1602 329 1626 et
345 1597 421 1626 inter
436 1596 517 1633 alios,
534 1597 583 1636 qui
603 1596 631 1626 in
649 1596 748 1625 eadem
764 1596 907 1626 seditione
924 1596 1012 1626 occisi
1026 1600 1118 1632 erant,
1134 1595 1264 1635 insepul-

199 1643 245 1669 tus
262 1640 290 1669 in
308 1640 416 1668 flumen
434 1640 592 1678 proiectus.
622 1648 667 1667 res
683 1642 832 1677 praeterea
849 1638 878 1668 in
893 1638 990 1668 Sicilia
1003 1639 1080 1668 vario
1094 1643 1197 1668 eventu
1214 1638 1263 1667 ad-

203 1691 303 1711 versus
318 1681 453 1720 fugitivos
469 1686 563 1719 gestas
580 1680 719 1710 continet.

269 1732 306 1756 16.
326 1731 372 1762 qm'
391 1731 457 1760 cnm]
477 1730 541 1755 nach
560 1730 597 1756 ed.
618 1738 666 1761 pr.;
686 1729 790 1754 Hdschr.
811 1731 868 1760 qni;
887 1729 965 1754 Jahn:
986 1730 1056 1760 quia.

644 1796 709 1821 LIB.
728 1795 816 1821 LV1111.

283 1849 420 1869 manmena
433 1850 487 1870 Lm.
501 1849 588 1869 LV1111.
611 1839 780 1869 Numantini
797 1840 871 1868 same
888 1839 978 1869 coacti
992 1839 1047 1877 ipsi
1062 1848 1092 1867 se
1106 1848 1158 1878 per
1171 1839 1261 1868 vicem

199 1883 366 1920 [tradentes]
383 1883 608 1919 trucidaverunt,
625 1886 736 1922 captam
754 1881 856 1911 urbem
874 1881 971 1920 Scipio
989 1881 1142 1910 Africanus
1159 1880 1261 1910 delevit

199 1930 227 1955 et
242 1926 277 1955 de
294 1935 324 1955 ea
343 1925 528 1964 triumphavit
545 1929 647 1963 quarto
664 1924 775 1954 decimo
793 1933 869 1953 anno
887 1928 951 1963 post
965 1923 1170 1961 Carthaginem
1183 1923 1261 1952 dele-
