1367 2143
511 122 568 148 LIB.
589 121 752 147 Llul—Lvn.
1105 120 1119 148 1
1127 120 1165 148 45

558 198 574 223 L
583 198 591 222 l
600 198 627 223 Β.
648 197 705 223 LVI.

180 250 318 271 PEntoan
343 251 398 270 Lm.
416 251 469 270 isi.
505 241 658 270 D.1nnius
681 240 791 270 Brutus
816 240 844 269 in
868 239 1006 279 Hispania
1028 240 1168 270 ulteriore

95 283 220 314 feliciter
233 285 370 313 adversus
380 283 531 313 Gallaecos
545 283 694 322 pugnavit.
718 282 850 312 dissimili
864 287 966 312 eventu
980 282 1016 312 M.
1028 283 1168 313 Aemilius

95 326 224 365 Lepidus
247 326 407 365 proconsul
429 326 567 356 adversus
582 325 726 354 Vaccaeos
748 333 808 354 rem
832 325 920 362 gessit
943 324 1113 364 clademque
1129 326 1167 355 si·

95 368 193 398 milem
206 366 400 398 Numantinae
417 377 519 407 passus
535 372 586 397 est.
620 367 655 396 ad
672 366 879 396 exsolvendum
897 367 1021 396 foederis
1037 367 1168 397 Numan-

94 411 149 440 tini
166 411 308 448 religione
325 410 468 450 populum
485 409 655 443 Mancinus,
678 418 745 438 cum
767 409 854 438 liuius
879 409 921 438 rei
937 414 1040 439 auctor
1056 410 1168 446 fuisset,

95 453 210 483 deditus
223 453 411 483 Numantinis
428 462 487 482 non
505 457 547 481 est
563 456 710 490 receptus.
738 451 862 481 lustrum
879 461 894 481 a
911 451 1083 481 censoribus
1095 462 1167 482 con-

96 495 189 525 ditum
207 500 264 532 est;
283 505 368 525 censa
386 501 453 524 sunt
470 495 576 524 civium
593 493 687 532 capita
702 498 833 523 trecenta
850 494 951 523 decem
964 498 1076 533 septem
1089 495 1169 524 milia

97 543 245 575 nongenta
262 538 380 575 triginta
400 537 463 566 tria.
498 536 617 565 Fulvius
634 536 754 565 Flaccus
777 536 882 565 consul
899 536 1026 565 Vardeos
1048 536 1078 565 in
1101 536 1168 575 llly-

96 581 156 609 rico
179 580 303 618 subegit.
338 580 375 608 M.
398 579 560 608 Cosconius
582 584 699 618 praetor
721 578 749 607 in
773 578 894 608 Thracia
918 587 984 607 cum
1007 578 1169 608 Scordiscis

97 632 237 661 prospere
254 622 402 661 pugnavit.
439 630 505 650 cum
529 620 637 650 bellum
655 620 867 650 Numantinum
884 621 952 650 vitio
975 621 1083 650 ducum
1109 631 1169 651 non

96 666 159 694 sine
175 664 287 703 pudore
304 664 423 702 publico
439 664 574 696 duraret.
597 663 709 692 delatus
726 668 770 692 est
786 663 862 693 ultro
881 662 1013 702 Scipioni
1030 663 1168 694 Africano

96 716 110 735 a
127 711 228 736 senatu
246 706 417 745 populoque
433 705 566 735 Romano
588 705 773 741 consulatus;
800 714 886 744 quem
910 715 977 735 cum
1000 705 1041 734 illi
1065 715 1170 746 capere

96 749 133 778 ob
151 748 261 787 legem,
286 758 359 787 quae
375 748 487 778 vetabat
510 757 686 786 quemquam
709 748 813 777 iterum
834 748 986 777 consulem
1002 748 1083 781 fieri,
1108 758 1168 778 non

96 791 206 826 liceret,
223 791 298 820 sicut
314 790 405 830 priori
425 790 579 819 consulatu
596 790 710 828 legibus
727 790 842 819 solutus
859 795 911 819 est.
945 789 1053 819 bellum
1067 791 1170 820 servile

98 834 127 862 in
142 833 239 862 Sicilia
254 838 350 862 ortum
363 842 430 862 cum
443 833 570 872 opprimi
583 842 597 861 a
612 832 795 871 praetoribus
809 841 869 861 non
886 832 1040 871 potuisset,
1058 832 1088 862 C.
1102 833 1170 862 Ful-

96 876 142 905 vio
159 875 273 905 consuli
290 875 457 905 mandatum
475 879 526 904 est.
554 875 641 904 huius
659 874 726 904 belli
745 875 860 904 initium
877 875 929 904 fuit
944 874 1046 904 Eunus
1060 884 1170 911 servus,

97 918 216 947 natione
229 918 329 956 Syrus,
347 918 396 956 qui
413 922 562 947 contracta
578 917 737 956 agrestium
754 926 903 946 servorum
917 926 1005 946 manu
1023 922 1051 946 et
1067 917 1171 947 solutis

98 960 252 998 ergastulis
269 961 336 989 iusti
354 961 500 989 exercitus
514 968 668 989 numerum
683 959 822 998 implevit.
850 960 939 988 Cleon
954 968 1082 998 quoque,
1098 960 1170 990 alter

97 1011 208 1037 servus,
225 1003 258 1032 ad
276 1002 460 1041 septuaginta
476 1002 554 1031 milia
571 1010 721 1031 servorum
739 1002 892 1036 contraxit,
909 1007 935 1030 et
952 1002 1060 1031 iunctis
1077 1003 1172 1042 copiis

97 1045 234 1074 adversus
250 1045 410 1074 exercitum
427 1044 592 1073 Romanum
609 1044 719 1073 bellum
735 1053 822 1083 saepe
838 1050 1003 1082 gesserunt.

186 1105 234 1140 16)
250 1103 350 1133 Livius
365 1113 410 1132 ιη
427 1103 462 1133 ab
479 1103 550 1132 urbe
567 1103 698 1132 condita:
715 1099 763 1136 ‘Q.
779 1103 953 1142 Pompeium
971 1102 1105 1132 morbum
1123 1113 1171 1133 ex-

98 1155 214 1176 cusasse
231 1146 339 1182 ferunt,
357 1155 403 1181 ne,
419 1155 485 1175 cum
502 1146 657 1175 interesset
673 1145 825 1181 deditioni,
846 1146 960 1175 animos
976 1145 1171 1176 Numantino-

98 1185 329 1261 guugffirig‘rgt'ss
358 1188 499 1218 Priscian.
523 1190 587 1218 inst.
608 1198 730 1227 yramm.
746 1187 837 1217 XVIII
854 1189 927 1224 264,
945 1187 974 1216 S.
994 1188 1074 1219 1198
1092 1188 1124 1218 P.
1144 1190 1173 1225 2,

123 1253 129 1260 .
212 1253 218 1267 ‚
314 1251 338 1260 ,..

185 1292 200 1309 *
218 1289 292 1327 [Ser.
306 1289 426 1318 Fulvius
443 1294 470 1318 et
483 1289 517 1323 Q.
530 1289 716 1328 Calpurnius.
747 1289 793 1318 his
809 1289 981 1318 consulibus
995 1290 1174 1320 Aemilianus

100 1332 199 1371 Scipio
217 1332 253 1361 ob
271 1331 483 1361 Numantinum
499 1331 619 1367 bellum,
637 1341 704 1361 cum
721 1332 893 1361 candidatus
910 1341 970 1361 non
988 1338 1079 1368 esset,
1102 1342 1173 1362 con-

99 1374 145 1404 sul
161 1380 275 1404 creatur
292 1377 329 1409 (a.
347 1384 374 1404 u.
392 1383 417 1403 c.
434 1374 514 1410 6193
532 1384 557 1404 a.
574 1374 641 1404 Chr.
660 1384 689 1404 n.
709 1375 790 1411 135).
824 1374 948 1404 Cassiod.
965 1374 1072 1412 chron]

558 1439 626 1466 LIB.
646 1439 717 1465 LVII.

185 1484 324 1505 remotum
340 1484 396 1504 Lm.
413 1484 478 1504 Lvu.
514 1475 613 1514 Scipio
630 1475 783 1505 Africanus
805 1475 990 1505 Numantiam
1012 1476 1125 1506 obsedit
1147 1483 1175 1507 et

100 1522 272 1557 corruptum
289 1517 406 1547 licentia
422 1517 596 1556 luxuriaque
608 1518 766 1548 exercitum
781 1518 814 1547 ad
830 1518 1042 1548 severissimam
1054 1519 1174 1549 militiae

100 1560 285 1600 disciplinam
302 1560 457 1589 revocavit.
486 1562 584 1589 omnia
597 1560 767 1590 deliciarum
781 1561 977 1590 instrumenta
989 1562 1102 1597 recidit,
1115 1562 1173 1591 duo

99 1603 178 1632 milia
195 1607 360 1632 scortorum
377 1612 391 1632 a
409 1602 512 1632 castris
529 1603 628 1639 eiecit,
651 1603 772 1632 militem
790 1603 896 1632 cotidie
920 1604 950 1633 in
967 1613 1056 1643 opere
1072 1604 1175 1634 habuit

100 1650 128 1675 et
144 1645 264 1684 triginta
281 1645 393 1674 dierum
418 1645 598 1675 frumentum
621 1655 654 1675 ac
677 1650 815 1684 septenos
831 1645 921 1675 vallos
945 1646 1021 1675 ferre
1044 1647 1176 1685 cogebat.

100 1697 186 1726 aegre
210 1692 333 1727 propter
355 1696 431 1717 onus
454 1687 600 1717 incedenti
629 1687 760 1719 dicebat:
788 1684 868 1717 ‘cum
895 1688 990 1726 gladio
1017 1693 1045 1718 te
1071 1689 1176 1719 vallare

100 1730 212 1765 scieris,
226 1730 334 1759 vallum
351 1730 427 1759 ferre
440 1728 586 1766 desinito';
603 1730 649 1759 alii
663 1735 779 1760 scutum
793 1740 896 1769 parum
909 1731 1047 1760 habiliter
1060 1731 1176 1768 ferenti,

101 1772 226 1811 amplius
236 1782 301 1802 eum
315 1777 432 1802 scutum
446 1772 522 1802 iusto
536 1773 623 1807 ferre,
637 1782 732 1812 neque
742 1773 770 1802 id
780 1782 811 1802 se
820 1774 1048 1812 reprehendere,
1058 1775 1175 1813 quando

101 1814 206 1844 melius
221 1820 304 1844 scuto
322 1824 407 1854 quam
425 1814 520 1853 gladio
536 1820 676 1844 uteretur.
702 1824 788 1854 quem
802 1816 923 1845 militem
941 1821 1021 1846 extra
1041 1817 1174 1847 ordinem

103 1857 341 1895 deprehendisset,
358 1858 382 1886 si
395 1857 546 1887 Romanus
562 1862 648 1894 esset,
664 1858 781 1894 vitibus,
799 1858 822 1887 si
840 1863 1004 1894 extraneus,
1020 1858 1110 1898 virgis
1126 1869 1173 1889 ce-

103 1899 181 1928 cidit.
216 1899 344 1929 iumenta
361 1900 477 1935 omnia,
501 1909 537 1929 ne
554 1905 747 1930 exonerarent
763 1900 896 1936 militem,
913 1901 1052 1931 vendidit.
1089 1911 1176 1941 saepe

103 1941 240 1971 adversus
264 1942 434 1982 eruptiones
450 1943 578 1973 hostium
603 1943 726 1973 feliciter
742 1943 891 1983 pugnavit.
926 1943 1047 1974 Vaccaei
1064 1944 1175 1974 obsessi

156 1995 180 2014 T.
191 1995 237 2014 mv.
249 1995 300 2014 x.2.
325 1995 408 2015 ami.
993 1995 1022 2018 10

1194 627 1221 652 10

1194 839 1222 864 15

1201 1864 1228 1889 10
