1367 2143
59 102 81 116 a.
94 96 143 116 Chr.
154 96 229 116 n.168.

358 86 450 112 LlBER
470 86 611 112 xxxxttn.
647 85 716 111 CAP.
738 86 776 110 19.
796 86 836 110 20.

1074 83 1130 112 101

58 173 153 203 tuario
176 183 266 212 opere
290 176 380 212 ponte
404 181 459 211 per
477 172 573 202 Nilum
599 173 673 202 sacto
696 175 899 208 transgressus
921 179 987 200 cum
1005 169 1134 199 exercitu

60 216 214 245 obsidione
231 216 322 254 ipsam
340 215 549 244 Alexandream
567 214 710 249 terrebat,
735 222 788 243 nec
813 213 915 252 procul
933 214 1045 248 abesse,
1062 213 1133 251 quin

58 263 211 297 poteretur
234 267 325 296 reguo
349 258 583 296 opulentissimo,
608 256 766 286 videbatur.

58 301 181 330 orabant
197 306 341 336 senatum,
364 305 396 329 ut
412 309 497 338 opem
515 309 607 337 regno
625 299 803 337 regibusque
819 298 919 327 amicis
937 298 1060 336 imperio
1077 297 1134 326 l'er-

58 348 133 373 rent.

173 353 203 372 ea
222 343 322 373 merita
348 343 448 381 populi
463 342 584 371 Romani
606 342 635 371 in
652 342 840 376 Antiochum,
865 350 925 369 eam
940 340 1017 379 apud
1032 349 1134 369 omnes
1151 345 1178 370 tt

57 395 143 423 reges
159 392 321 424 gentesque
338 385 538 414 auctoritatem
556 394 635 420 esse,
660 389 701 420 ut,
725 384 748 413 si
766 383 876 420 legatos
893 383 1059 418 misissent,
1085 382 1135 421 qui

57 428 267 457 denuntiarent
284 437 342 457 non
360 428 474 466 placere
489 427 603 456 senatui
620 426 709 456 sociis
725 426 843 464 regibus
860 426 968 454 bellum
986 425 1065 460 fieri,
1085 434 1135 454 ex-

56 471 166 509 templo
190 471 381 499 abscessurus
403 479 418 498 a
443 469 597 498 moenibus
615 469 812 498 Alexandreae
826 469 1068 506 abducturusque
1086 476 1135 496 ex-

56 514 179 542 ercitum
204 513 233 542 in
251 513 362 551 Syriam
387 517 474 542 esset.
498 512 576 550 quod
599 512 623 540 si
648 516 826 541 cunctentur
850 512 961 545 facere,
989 509 1067 539 brevi
1087 518 1134 538 ex·
1153 515 1179 540 12

56 560 152 585 torres
175 564 267 593 regno
284 554 482 584 Ptolemaeum
507 559 536 583 et
559 554 740 593 Cleopatram
764 554 885 583 Romam
905 559 1044 582 venturos
1068 561 1134 581 cum

54 598 169 636 pudore
194 598 317 636 quodam
343 597 444 636 populi
470 596 609 633 Romani,
637 597 715 635 quod
741 597 849 626 nullam
874 605 959 634 opem
977 595 1006 624 iu
1032 595 1134 623 ultimo

55 640 224 669 discrimine
247 640 430 668 fortunarum
455 640 601 668 tulissent.

641 640 710 668 moti
735 645 833 677 patres
857 639 995 677 precibus
1012 637 1136 667 Alexan·
1153 643 1181 667 13

55 682 208 712 drinorum
234 682 380 720 extemplo
405 681 434 711 C.
460 681 604 720 Popilium
629 681 784 711 Laenatem
813 687 841 710 et
865 680 895 710 C.
921 680 1082 709 Decimium
1107 683 1136 708 et

55 723 85 753 C.
110 724 267 753 Hostilium
291 724 402 761 legatos
424 724 458 752 ad
475 725 635 753 finiendum
652 725 730 753 inter
746 733 831 762 reges
854 723 962 752 bellum
980 723 1134 751 miserunt.

53 767 138 805 prius
156 767 350 803 Antiochum,
378 766 445 795 (lein
471 766 668 795 Ptolemaeum
693 766 772 795 adire
791 766 861 795 iussi
879 770 908 795 et
925 765 1079 800 nuntiare,
1105 764 1134 793 ni
1152 771 1179 795 14

53 809 213 838 absistatur
237 809 329 844 bello,
357 818 410 847 per
433 814 532 838 utrum
555 809 697 845 stetisset,
725 818 792 838 eum
815 818 876 838 non
899 817 953 847 pro
969 808 1063 837 amico
1081 815 1135 836 nec

53 861 108 891 pro
126 851 206 881 socio
223 852 375 880 habituros
392 860 465 880 esse.

139 894 191 923 His
215 895 289 923 intra
307 894 437 923 triduum
454 894 541 923 simul
559 903 625 923 cum
645 893 747 932 legatis
765 892 969 922 Alexandrinis
993 891 1133 930 profectis
1150 895 1188 922 20

52 937 138 975 legati
163 946 198 966 ex
214 936 382 966 Macedonia
400 936 635 975 Quinquatribus
658 936 769 966 ultimis
790 936 862 965 adeo
886 935 1030 974 expectati
1047 944 1135 964 vene-

51 1004 92 1033 (zu
112 1002 198 1027 Daniel
220 1002 280 1034 Kap.
303 1003 342 1032 11)
362 1002 489 1027 zwischen
509 1002 566 1027 dem

52 1037 133 1068 Berge
152 1036 240 1061 Casius
258 1041 288 1066 (s.
309 1036 398 1069 Polyb.
415 1039 439 1064 5.
454 1038 496 1067 80)
515 1037 566 1062 und

51 1070 180 1095 Pelusium
204 1070 320 1103 geliesert
345 1070 443 1099 wurde;
469 1071 509 1095 die
534 1078 565 1095 an

52 1104 123 1130 u.St.
143 1105 273 1129 erwallnte
292 1104 386 1130 mfit'ste
406 1105 460 1128 eine
474 1104 566 1129 andere

50 1138 171 1164 Scblacbt
194 1139 257 1163 sein.
293 1138 336 1163 Bei
357 1138 498 1167 Pelusium,
526 1146 565 1163 am

51 1173 201 1197 oetlicbsten
222 1173 297 1197 Arme
316 1172 360 1197 des
372 1172 421 1202 Nil,
442 1172 503 1196 wird
516 1173 565 1197 An-

52 1206 152 1231 tiochus
171 1206 218 1231 den
230 1206 300 1231 Fluss
319 1206 504 1238 uberscliritten
522 1206 566 1230 lia-

50 1240 98 1265 ben
118 1240 168 1265 und
188 1248 238 1264 von
259 1240 313 1264 hier
330 1241 355 1264 in
375 1241 494 1272 Agypten
515 1240 566 1265 ein-

50 1274 198 1306 gedrungeu
218 1273 268 1298 und
289 1274 326 1299 bis
351 1282 397 1298 vor
417 1274 566 1298 Alexandria

51 1316 164 1341 gezogen
184 1308 250 1336 sein:
276 1308 328 1340 vgl.
349 1308 439 1341 Polyb.
466 1309 506 1336 28,
528 1310 566 1333 17.

50 1357 83 1360 -
104 1342 280 1366 tumultuario
300 1341 389 1374 oper-o]
409 1342 461 1374 vgl.
473 1344 514 1372 42,
526 1344 567 1373 63,

51 1379 74 1402 4.
93 1391 126 1394 -
144 1377 291 1408 poteretur]
312 1376 359 1401 wie
374 1377 396 1406 7,
411 1378 475 1408 9‚7;
495 1379 567 1401 sonst

49 1412 192 1443 potiretur.

88 1446 126 1470 10.
147 1446 269 1477 imperio]
288 1444 369 1469 wosiir
382 1452 438 1468 man
453 1446 565 1476 impet-io

51 1478 169 1503 Romano
198 1481 343 1509 erwartete,
373 1479 441 1503 stelit
465 1478 516 1503 bier
540 1479 564 1503 in

51 1512 173 1538 scharl'em
188 1512 330 1545 Gegensatz
345 1521 374 1537 zu
389 1520 485 1543 regno:
500 1514 564 1537 ami-

52 1548 88 1571 cis
107 1547 139 1571 ist
157 1547 221 1571 auch
241 1547 285 1571 auf
295 1555 377 1578 reg-no
392 1555 422 1571 zu
435 1547 565 1578 beziehen,

51 1581 170 1606 wahrend
190 1581 273 1606 ‹tavon
297 1581 340 1605 der
360 1581 432 1605 Dativ
451 1583 563 1610 impet-io

51 1614 178 1647 abbangig
200 1615 245 1644 ἱεῖς
271 1622 316 1639 zur
334 1615 415 1640 Sache
440 1622 460 1639 s.
480 1616 520 1646 27,
539 1617 563 1647 4,

53 1650 97 1677 10;
117 1650 157 1679 31,
175 1650 198 1678 2,
219 1651 242 1674 3.

86 1685 125 1708 11.
143 1685 283 1714 merila..]
309 1691 328 1708 S.
348 1685 390 1713 41,
409 1684 450 1714 20,
472 1683 510 1708 ls.
530 1697 563 1702 —

53 1716 251 1747 denuntiarent]
288 1717 404 1742 Hdsclir:
441 1719 563 1741 enuntia-

52 1755 124 1780 renl;
143 1750 251 1776 Harant:
270 1753 295 1775 ei
312 1753 482 1781 nuntiat-ene
510 1752 562 1784 vgl.

52 1785 68 1817 ἓ
89 1787 128 1843 12.
143 1818 311 1852 cunctentur]
326 1819 475 1852 plotzlicber
489 1813 564 1844 [lber-

54 1859 121 1884 gang
140 1853 164 1877 in
184 1852 228 1878 das
248 1853 378 1878 Praesens.
392 1868 424 1872 —
444 1856 564 1878 extorres

53 1887 146 1917 regno]
165 1887 214 1911 wie
233 1888 274 1917 45,
292 1889 317 1917 4,
337 1890 365 1916 3;
384 1888 436 1919 vgl.
455 1895 485 1912 zu
503 1889 526 1917 2,
541 1889 564 1919 6,

54 1920 247 1945 2.—inullimo
256 1921 419 1953 discrimine]
435 1922 483 1946 wie
491 1923 562 1951 23‚‘2.

657 1004 694 1028 13.
714 1003 863 1033 eoetemplo.
875 1001 960 1034 .]vgl.
981 1001 1034 1027 Pol.
1055 1002 1095 1031 29,
1109 1003 1133 1026 l·

620 1034 634 1066 ἧ
641 1036 804 1076 σύγκλητος
817 1035 1011 1068 πυνθανομένη
1024 1034 1072 1059 τὸν
1081 1034 1136 1059 Ἀν-

620 1070 714 1104 τίοχον
739 1072 786 1101 τῆς
809 1070 861 1104 μὲν
880 1069 1020 1112 Αἰγύπτου
1039 1068 1135 1102 κύριον

618 1105 762 1147 γεγονέναι
798 1106 845 1135 τῆς
881 1103 908 1129 δ’
939 1102 1135 1134 Ἀλεξανδρείας

618 1137 688 1179 παρ>
711 1138 812 1172 ὀλίγον,
834 1139 995 1178 νομίζουσα
1005 1137 1073 1170 πρὸς
1086 1135 1134 1161 αὖ·

618 1172 670 1203 τήν
688 1182 714 1197 τι
734 1173 878 1198 διατείνειν
893 1172 942 1202 τὴν
962 1170 1074 1211 αι·ξησ1ν
1086 1180 1135 1196 τοι

619 1207 818 1246 προειρημένου
836 1206 967 1239 βασιλέως
988 1205 1136 1236 κατέστησε

618 1250 637 1265 π
641 1239 805 1274 ρεσβευτὰς.
835 1256 867 1259 -
880 1241 1021 1272 pupillum]
1038 1239 1135 1264 Konsu-

619 1276 670 1305 lar;
690 1283 711 1300 s.
721 1277 761 1304 42
775 1277 799 1303 9
810 1277 833 1301 S.
846 1290 875 1293 -
890 1273 1135 1306 Decimi1111JPrae-

620 1312 659 1334 tor
677 1310 710 1334 im
730 1309 834 1341 vorigen
854 1309 942 1336 Jahre:
961 1316 982 1333 s.
1004 1310 1045 1338 43,
1060 1309 1097 1337 11,
1110 1309 1134 1332 7.

619 1358 652 1361 —-
664 1344 815 1374 Hostilium]
832 1344 902 1367 nicht
913 1343 1000 1367 weiter
1011 1342 1133 1367 bekannt:

619 1377 748 1402 vielleicbt
759 1377 802 1402 der
814 1377 916 1402 Praetor
927 1377 971 1401 des
981 1375 1004 1401 J.
1016 1376 1134 1406 584l170,

619 1411 709 1436 dessen
723 1411 905 1443 Wa11143,3‚7
921 1418 983 1442 ausg
987 1410 1078 1434 efallen
1091 1409 1132 1434 ist.

658 1447 695 1471 14.
722 1454 771 1478 per·
798 1449 889 1470 ultum
914 1419 1039 1477 slelz‘gssel]
1069 1444 1133 1468 dazu

618 1480 651 1504 ist
662 1488 712 1511 quo
724 1483 811 1504 minus
825 1481 970 1503 absistatur·
980 1486 1009 1503 zu
1021 1477 1133 1506 denkem

618 1522 637 1538 s.
662 1515 810 1544 14‚12.—
830 1522 883 1538 non
902 1521 970 1545 pro
982 1532 987 1537 .
1006 1520 1053 1536 nec
1071 1513 1131 1544 pio]

617 1555 646 1572 so
667 1534 728 1572 wi'rd
748 1548 909 1580 gewohnlich
935 1546 999 1571 nach
1025 1554 1073 1570 nec
1092 1545 1132 1570 die

618 1582 737 1614 Praepos.
763 1581 926 1609 wiederhott;
949 1588 970 1605 s.
996 1581 1037 1611 28,
1057 1581 1097 1611 28,
1116 1581 1132 1605 4

617 1623 641 1641 u.
661 1623 682 1641 a.

650 1649 766 1676 20-21.
797 1649 897 1674 Bericlit
920 1648 964 1673 der
987 1647 1132 1672 Gesandten

616 1684 679 1708 iiber
697 1683 869 1708 Macedonien.
908 1682 1059 1708 Beschtfisse
1088 1681 1132 1707 des

616 1718 715 1743 Senats.

655 1755 676 1778 1.
695 1751 775 1776 simul
794 1759 852 1775 cum
870 1752 902 1781 ..]
929 1750 990 1775 wird
1014 1759 1065 1775 von
1085 1751 1132 1776 Po-

616 1787 669 1819 lyb.
688 1788 751 1815 29,1
775 1785 843 1809 nicht
857 1785 984 1814 erwalint;
1004 1785 1131 1810 nachilim

617 1820 716 1845 scheint
735 1820 778 1844 der
788 1819 863 1844 Senat
878 1819 918 1843 die
928 1820 1071 1844 Gesandten
1086 1827 1131 1844 aus

617 1855 730 1886 eigenem
751 1854 870 1878 Anti-iebe
889 1854 1021 1885 gescliickt
1039 1861 1069 1878 zu
1088 1853 1132 1878 ba-

617 1888 677 1916 ben:
698 1888 723 1912 L.
743 1888 807 1919 solgt
818 1888 870 1912 bier
880 1888 961 1912 einem
973 1887 1130 1912 Annalisten.

616 1937 648 1940 —
661 1922 875 1954 Quinquatribus
894 1922 1005 1954 ultimis]
1026 1922 1049 1947 d.
1062 1922 1078 1947 i.
1092 1929 1131 1946 am

806 265 837 285 ea
867 256 952 293 legati
977 260 1135 293 querentes
1152 260 1179 284 10
