1367 2143
440 102 658 128 rRODiGIORVM
680 102 778 127 LIBER.
1084 99 1142 128 199

72 189 177 219 costasi
195 189 267 218 lacte
286 189 366 227 pluit.
399 189 521 218 fulmine
535 188 662 217 Crotone
679 197 749 226 grex
767 188 862 217 ovium
880 197 947 217 cum
964 196 1036 217 eane
1051 191 1077 215 et
1093 187 1144 216 tri-

73 232 127 260 bus
143 231 310 270 pastoribus
333 232 522 260 exanimatus.
555 231 708 259 Saturniae
725 230 831 259 vitulus
847 230 946 268 biceps
972 234 1066 259 natus.
1099 234 1145 258 tu-

73 274 181 303 multus
198 274 226 305 in
245 274 317 302 urbe
335 274 388 303 fuit
405 274 434 303 C.
451 273 583 302 Graccho
600 273 678 311 leges
695 274 815 301 ferente.

158 318 196 346 :32
215 314 288 356 [921.
321 316 372 344 Cn.
391 316 516 345 Domitio
537 315 565 344 C.
583 315 694 344 Fannio
718 314 890 343 consulibus
915 314 942 342 iu
969 316 1031 343 t'oro
1057 315 1145 342 Sues-

72 368 143 388 sano
168 360 357 397 androgynus
383 363 467 387 natus
484 359 512 387 in
530 366 609 386 mare
626 357 738 386 delatus
756 361 807 385 est.
839 357 867 385 in
886 356 975 385 Gallia
995 361 1053 385 tres
1069 356 1145 385 soles

73 406 101 430 et
115 407 173 430 tres
186 401 271 430 lunae
289 401 373 429 visae.
401 401 507 429 vitulus
523 400 623 437 biceps
640 404 734 428 natus.
763 399 841 428 bubo
856 399 883 427 in
899 398 1041 436 Capitolio
1058 398 1145 427 visus.

73 445 182 473 Aetnae
196 443 333 472 incendio
348 443 447 472 Catina
461 446 645 480 consumpta.
673 442 782 480 Sallyes
799 446 827 470 et
844 441 1016 477 Allobroges
1032 441 1146 469 devicti.

159 486 198 515 33
217 484 290 525 [1)ἰῖ1.
324 486 353 514 l..
372 485 488 523 Opimio
505 486 539 519 Q.
559 484 646 513 Fabio
664 484 787 513 Maximo
811 483 984 512 consulibus
1007 492 1077 521 grex
1102 483 1146 511 lu-

74 538 178 567 porum
196 528 314 561 limites.
332 528 381 565 qui
398 528 426 556 in
445 536 582 565 agrorum
599 526 739 555 divisione
757 535 810 565 per
827 526 856 555 C.
874 525 1037 554 Grarcluun
1054 525 1146 563 (lepo-

73 571 119 600 siti
137 575 229 604 erant.
247 570 403 608 dissipavit.
435 570 495 607 ipse
513 569 663 598 Gracchus
681 569 708 597 in
727 569 871 597 Aventino
889 568 1011 597 occisus.

160 614 197 643 3⁷1
216 610 290 652 11111.
323 612 353 640 1..
372 612 489 640 Aurelio
507 612 589 639 Cotta
607 611 637 639 L.
657 611 781 640 Caecilio
806 610 977 639 consulibus
1000 609 1146 648 androgy-

77 665 131 684 nus
155 655 182 684 in
207 664 277 691 agro
296 654 428 682 Romano
451 663 595 682 annorum
615 658 680 681 ueto
699 654 836 682 inventus
852 658 878 681 et
897 653 925 681 in
943 662 1023 681 mare
1040 653 1146 690 depor-

74 702 158 726 tatus.
189 697 317 733 virgines
333 701 377 724 ter
395 706 525 725 novenae
542 696 571 724 in
589 695 663 724 urbe
681 700 847 724 cantarunt.

160 740 198 769 35
217 736 291 779 [1157]
325 739 359 767 Μ.
383 739 493 767 (janum
514 738 548 772 Q.
567 738 673 766 Marcio
697 737 869 767 consulibus
892 738 1002 766 Catone
1025 737 1147 765 consule

74 781 243 810 immolante
271 786 334 809 exta
357 780 530 813 tabuerunt,
561 785 647 818 caput
671 780 809 809 iocineris
833 780 983 808 inventum
1009 789 1067 808 non
1096 784 1148 808 est.

74 824 147 853 lacte
163 823 245 861 pluit.
271 829 347 852 terra
361 832 427 851 cum
441 823 553 860 mugitu
568 823 694 851 tremuit.
719 831 839 851 examen
854 831 941 859 apum
956 822 985 850 in
1000 823 1062 850 foro
1076 831 1148 850 con-

73 867 156 896 sedit.
187 866 380 894 sacrificatum
398 874 431 894 ex
450 865 608 903 Sibyllinis.

161 910 199 937 36
218 906 292 948 {titi}
324 908 356 936 L.
374 907 499 936 Caecilio
517 907 548 936 L.
566 906 682 936 Aurelio
708 905 881 935 consulibus
900 906 1022 934 fulmine
1040 905 1148 934 Romae

74 955 103 979 et
120 950 196 979 cirra
216 950 355 988 pleraque
378 954 461 979 tacta.
492 950 650 978 Praeneste
674 949 747 977 lacte
772 948 853 986 pluit.
885 948 983 977 hastae
1001 948 1100 977 Martis
1119 948 1147 976 iu

76 993 153 1031 regia
171 997 274 1021 motae.
309 992 437 1021 l'riverni
457 996 532 1020 terra
548 996 661 1030 septem
678 991 813 1029 iugerum
830 991 923 1029 spatio
944 991 972 1019 in
997 999 1150 1019 cavernam

74 1035 195 1065 desedit.
228 1035 381 1063 Saturniae
398 1034 588 1072 androgynus
605 1042 751 1062 annorum
768 1033 869 1062 decern
885 1033 1023 1061 inventus
1036 1037 1061 1061 et
1078 1033 1150 1061 mari

75 1078 235 1107 demersus.
266 1076 394 1115 virgines
417 1076 518 1115 viginti
542 1080 655 1114 septem
672 1075 776 1104 urbem
794 1075 923 1104 carmine
941 1075 1149 1104 lustraverunt.

76 1120 222 1158 reliquum
239 1119 309 1148 anni
327 1119 355 1147 in
374 1128 445 1157 pace
462 1118 524 1147 fuit.

162 1162 199 1191 37
220 1159 293 1202 [97].
325 1161 371 1190 Μ’.
395 1161 485 1190 Acilio
506 1160 535 1189 C.
562 1160 666 1189 Porcio
690 1159 862 1189 consulibus
876 1160 906 1188 P.
924 1159 1036 1193 Elvius,
1059 1168 1150 1197 eques

77 1204 236 1238 Romanus,
253 1213 268 1232 a
285 1203 359 1232 ludis
372 1203 512 1232 Romanis
529 1212 595 1232 cum
612 1203 641 1231 in
659 1202 792 1240 Apuliam
810 1206 1016 1237 reverteretur,
1034 1202 1063 1230 in
1080 1210 1150 1239 agro

76 1246 187 1276 Stellati
211 1246 266 1275 tilia
290 1246 351 1274 eius
369 1246 448 1284 virgo
466 1255 542 1284 equo
559 1245 691 1274 insidens
708 1245 828 1273 fulmine
846 1245 901 1273 icta
918 1245 1149 1282 exanimataque,

76 1289 249 1317 vestimento
266 1288 392 1317 deducto
406 1288 587 1326 inguinibus,
598 1292 697 1316 exerta
709 1287 818 1325 lingua,
835 1296 888 1325 per
902 1286 1057 1315 inferiores
1070 1287 1150 1315 locos

76 1336 107 1360 ut
133 1331 210 1369 ignis
236 1331 271 1359 ad
298 1340 331 1360 os
358 1331 520 1359 emicuerit.
558 1339 734 1368 responsum
762 1329 910 1359 infamiam
932 1328 1095 1367 virginibus
1123 1333 1149 1357 et

77 1373 205 1411 equestri
229 1373 323 1402 ordini
348 1373 499 1411 portendi,
526 1373 593 1410 quia
617 1372 684 1410 equi
708 1376 881 1401 ornamenta
904 1371 1035 1410 dispersa
1058 1376 1150 1400 erant.

78 1421 136 1445 tres
150 1425 209 1444 uno
223 1420 355 1453 tempore
368 1415 496 1454 virgines
510 1415 637 1444 Vestales
655 1414 851 1443 nobilissimae
865 1423 932 1443 rum
946 1414 1055 1451 aliquot
1069 1413 1152 1451 equi·

79 1458 156 1487 tilius
172 1457 311 1486 Romanis
334 1457 437 1487 incesti
453 1466 564 1496 poenas
580 1457 746 1486 subierunt.
776 1457 862 1485 aedes
879 1456 984 1485 Veneri
1004 1456 1150 1485 Verticor—

78 1500 141 1529 diae
158 1501 240 1529 facta.

165 1543 203 1573 38
222 1540 296 1582 [79871
328 1542 357 1571 C.
378 1542 503 1571 Caecilio
522 1542 574 1571 Cn.
596 1542 711 1580 Papirio
731 1541 901 1570 consulibus
918 1540 1049 1569 Albanus
1066 1549 1152 1569 mons

80 1589 166 1614 nocte
188 1585 290 1613 ardere
313 1584 398 1613 visus.
433 1595 448 1612 *
468 1595 483 1611 >ie
501 1584 630 1614 aedicula
647 1589 675 1613 et
691 1584 808 1622 signum
831 1584 865 1612 de
887 1583 968 1612 caelo
990 1587 1073 1611 taeta.
1104 1591 1152 1610 ara

79 1627 186 1656 Salutis
209 1627 381 1665 interrupta.
413 1631 489 1655 terra
505 1627 534 1655 in
552 1627 679 1656 Lucanis
697 1631 725 1655 et
742 1626 903 1654 Privernati
920 1626 974 1654 late
992 1625 1090 1654 hiavit.
1122 1625 1152 1654 in

80 1669 168 1698 Gallia
182 1669 294 1698 caeluni
309 1669 411 1698 ardere
424 1669 527 1698 visum.
552 1669 661 1698 Cimbri
674 1668 860 1706 Teutonique
874 1668 961 1706 Alpes
977 1667 1152 1705 transgressi

80 1712 193 1740 foedam
210 1716 337 1749 stragem
354 1711 554 1740 Romanorum
571 1712 779 1749 sociorumque
796 1711 940 1740 fecerunt.

149 1770 171 1794 2.
193 1769 346 1798 Saturniae]
367 1769 429 1793 nach
450 1768 574 1800 &allgem
600 1768 668 1793 Α1(1,;
693 1771 810 1793 saturae.
829 1783 861 1787 σ-
880 1770 903 1793 4.
924 1767 1064 1797 Suessano]
1089 1767 1152 1791 nach

82 1802 165 1830 Ortot:
186 1802 254 1827 Α1(1.;
275 1811 436 1827 nesse1no.—
453 1804 490 1827 17.
509 1803 700 1832 saer-z'ficatmnl
721 1802 783 1827 narii
804 1802 961 1833 Steplianns5
982 1801 1050 1825 Aut:
1070 1803 1153 1825 sacri-

81 1836 180 1866 ficium.
204 1851 236 1854 —
263 1838 300 1862 18.
330 1836 358 1861 L.
384 1837 497 1861 Caecilio
528 1837 556 1862 L.
583 1837 703 1866 :Im-elio]
731 1836 804 1860 (lafiir
832 1837 956 1860 vermutet
985 1835 1151 1867 Oudendorp:

82 1870 111 1895 L.
132 1870 246 1894 Cuecz'h‘o
267 1872 294 1901 Q.
315 1870 402 1895 Mucio
422 1870 561 1899 δυαρυοῖας
581 1870 665 1895 mat:
685 1870 815 1895 entweder
837 1871 863 1900 Q.
884 1869 999 1893 Caecz'lio
1021 1869 1046 1900 Q.
1064 1869 1151 1892 Mucio

82 1903 143 1928 oder
163 1904 195 1928 Μ.
215 1904 329 1929 Caecilio
342 1904 511 1932 aLAemilioe
531 1904 649 1936 HHaupt:
670 1904 698 1928 L.
720 1903 833 1928 Caecilio
854 1903 879 1928 C.
894 1903 1050 1927 L«·e1'nio.—
1065 1904 1103 1927 20.
1124 1904 1152 1926 in

82 1939 231 1967 cunei-nam]
251 1938 315 1963 nach
335 1938 460 1965 Scheffe1·;
480 1938 531 1970 vgl.
551 1938 603 1963 Ltv.
624 1940 663 1969 30,
684 1940 706 1964 2.
728 1939 769 1965 12:
790 1937 859 1962 Aut:
880 1939 907 1962 ίη
927 1945 1050 1962 caverna.

1172 572 1198 596 1«)

1174 783 1200 807 15

1175 1417 1203 1441 30

1175 1629 1204 1653 35
