1367 2143
143 252 170 276 10

143 463 170 487 15

142 1068 168 1092 10

140 1278 167 1303 15

141 1489 169 1512 20

142 1698 169 1722 25

196 77 253 105 144
433 77 460 102 Τ.
481 77 541 103 LlVI
560 77 739 102 PERIOCHAE
758 78 798 103 ET
818 78 1025 104 FRAGMENTA.

194 167 307 202 quatus,
324 167 405 202 pater
419 162 519 199 Silani,
535 163 618 202 petiit
633 163 863 202 impetravitque,
879 168 911 193 ut
926 164 980 193 sibi
997 164 1124 202 cognitio
1136 164 1255 194 manda-

193 210 289 241 retur3
315 209 342 234 et
357 205 434 234 domi
450 214 536 235 causa
553 206 667 243 cognita
685 205 774 234 tilium
791 206 993 235 condemnavit
1007 206 1207 245 abdicavitque
1223 216 1256 235 ac

194 257 230 277 ne
252 247 347 276 funeri
371 247 487 286 quidem
511 248 587 283 eius,
611 257 676 277 cum
700 248 858 286 suspendio
876 248 960 277 vitam
976 249 1102 284 finisset,
1125 248 1256 278 interfuit

193 290 356 328 sedensque
383 289 460 318 domi
489 294 661 329 potestatem
688 290 921 320 consultantibus
953 300 987 319 ex
1019 290 1152 320 instituto
1179 291 1255 320 fecit.

194 332 226 366 Q.
250 331 356 361 Fabius
380 331 537 370 proconsul
559 332 646 361 rebus
669 332 698 360 in
721 331 859 371 Hispania
883 341 1023 371 prospere
1053 332 1140 371 gestis
1162 332 1256 362 lahem

193 374 333 413 imposuit
349 383 420 412 pace
433 383 499 403 cum
513 374 620 403 Viriato
637 374 737 412 aequis
753 374 976 404 condicionibus
993 375 1077 404 facta.
1101 374 1225 404 Viriatus
1241 385 1257 404 a

193 416 394 454 proditoribus
411 416 532 445 consilio
548 416 649 445 Servili
663 415 816 455 Caepionis
832 417 1002 446 interfectus
1021 421 1064 446 est
1081 422 1108 445 et
1123 416 1158 446 ab
1176 426 1256 446 exer-

194 458 252 487 citu
268 468 320 487 suo
336 458 460 488 multum
477 458 673 497 comploratus
696 468 729 487 ac
746 459 883 488 nobiliter
905 459 1052 498 sepultus;
1077 459 1118 488 vir
1141 459 1257 497 duxque

192 509 315 538 maguus
332 505 359 530 et
372 510 425 540 per
437 501 669 539 quattuordecim
682 510 783 536 annos,
802 501 908 539 quibus
919 510 985 530 cum
997 501 1137 530 Romanis
1148 500 1257 530 bellum

192 543 290 580 gessit,
307 543 490 581 frequentius
507 543 649 582 superior.

659 633 722 658 LlB.
742 633 790 658 LV.

276 694 416 714 PERtOCHA
433 695 488 713 Lux.
506 695 549 714 ω’.
585 685 615 713 P.
633 685 768 714 Cornelio
785 684 901 720 Nasica,
928 685 974 714 cui
993 694 1156 723 cognomen
1173 685 1257 715 Sera-

193 727 261 764 pion
290 727 344 756 t'uit
370 727 404 755 ab
432 727 577 756 inridente
605 726 732 756 Curiatio
761 727 878 756 tribuno
906 727 999 765 plebis
1027 728 1201 766 inpositum,
1230 733 1258 757 et

192 769 224 798 D.
236 769 319 798 Iunio
333 768 424 797 Bruto
443 769 612 798 consulibus
628 769 765 798 dilectum
778 769 953 798 habentibus
970 769 1000 798 in
1018 774 1177 808 conspectu
1189 770 1258 798 tiro-

193 820 262 840 num
279 820 325 840 res
342 811 526 840 saluberrimi
544 811 666 849 exempli
684 811 757 840 facta
774 816 833 847 est;
858 820 924 840 nam
938 810 966 840 C.
980 811 1125 840 Matienus
1140 821 1258 841 accusa-

194 859 238 882 tus
256 859 297 882 est
313 853 389 892 apud
406 853 539 882 tribunos
555 853 666 892 plebis,
692 853 769 891 quod
793 853 950 882 exercitum
976 853 1005 882 in
1022 853 1160 892 Hispania
1177 853 1258 883 dese-

192 896 313 931 ruisset,
337 895 548 934 damnatusque
563 895 617 924 sub
634 896 714 924 furca
732 895 780 924 diu
797 895 884 933 virgis
900 904 1001 924 caesus
1024 900 1067 924 est
1084 900 1111 924 et
1126 896 1258 925 sestertio

192 946 311 967 nummo
336 937 435 966 veniit.
474 937 584 967 tribuni
607 937 716 976 plebis,
742 937 807 976 quia
833 947 892 966 non
917 938 1123 976 impetrarant,
1148 943 1180 967 ut
1203 938 1259 967 sibi

191 980 293 1015 denos,
311 989 384 1018 quos
401 979 516 1015 vellent,
533 980 640 1008 milites
653 979 779 1008 eximere
791 979 901 1014 liceret,
918 979 1054 1008 consules
1070 980 1099 1009 in
1113 989 1258 1009 carcerem

192 1022 257 1051 duci
280 1022 438 1051 iusserunt.
471 1022 572 1051 Iunius
588 1022 695 1050 Brutus
721 1021 823 1050 consul
846 1022 874 1050 in
893 1021 1031 1060 Hispania
1054 1022 1109 1056 eis⁷
1133 1022 1181 1060 qui
1204 1022 1257 1051 sub

192 1064 300 1093 Viriato
317 1064 525 1100 militaverant,
549 1073 634 1102 agros
651 1068 679 1092 et
695 1064 836 1102 oppidum
852 1064 946 1099 dedit,
972 1064 1049 1102 quod
1066 1070 1198 1093 vocatum
1217 1070 1259 1093 est

191 1106 328 1135 Valentia.
365 1106 401 1134 M.
418 1106 549 1145 Popilius
565 1116 580 1135 a
596 1105 797 1141 Numantinis,
821 1115 887 1135 cum
912 1106 1018 1144 quibus
1035 1115 1135 1144 pacem
1152 1106 1258 1135 factam

190 1148 307 1177 inritam
332 1148 394 1176 fieri
419 1153 536 1177 senatus
559 1153 727 1183 censuerat,
752 1157 817 1177 cum
842 1148 969 1176 exercitu
987 1148 1068 1176 susus
1084 1148 1257 1186 fugatusque

191 1195 242 1219 est.
278 1190 307 1219 C.
326 1190 448 1219 Hostilio
462 1190 597 1219 Mancino
615 1190 735 1219 consule
752 1190 932 1219 sacrificante
949 1189 1020 1228 pulli
1038 1199 1071 1218 ex
1088 1199 1170 1219 cavea
1187 1199 1254 1219 evo-

191 1232 335 1268 laverunt;
352 1232 559 1261 conscendenti
573 1232 676 1261 deinde
689 1241 799 1268 navem,
813 1236 844 1261 ut
859 1232 888 1261 in
902 1232 1072 1271 Hispaniam
1087 1232 1255 1270 proficisce-
1288 1247 1293 1252 ·

191 1279 287 1309 retur,
307 1274 410 1303 accidit
424 1271 604 1311 vox‘mane,
622 1271 786 1303 Mancinel'
813 1284 886 1312 quae
909 1274 1037 1313 auspicia
1062 1274 1152 1303 tristia
1169 1274 1258 1303 fuisse

193 1321 296 1346 eventu
310 1316 464 1355 probatum
482 1321 533 1347 est.
561 1321 588 1345 et
601 1316 692 1345 victus
709 1316 787 1345 enim
800 1326 814 1345 a
826 1316 1011 1345 Numantinis
1027 1320 1054 1345 et
1070 1316 1171 1345 castris
1188 1326 1259 1346 exu-

192 1364 248 1394 tus,
266 1368 332 1387 cum
348 1368 415 1397 spes
432 1359 511 1388 nulla
528 1359 659 1388 servandi
677 1358 820 1388 exercitus
837 1363 921 1394 esset,
939 1367 1039 1397 pacem
1057 1367 1120 1388 cum
1136 1358 1176 1387 eis
1190 1358 1258 1387 fecit

192 1401 429 1439 ignominiosam,
446 1410 531 1438 quam
545 1406 635 1430 ratam
649 1410 711 1430 esse
723 1405 841 1429 senatus
854 1401 952 1429 vetuit.
980 1400 1168 1439 quadraginta
1181 1400 1259 1429 milia

193 1442 391 1471 Romanorum
415 1452 430 1471 a
452 1442 697 1472 Numantinorum
721 1442 838 1472 milibus
862 1447 999 1481 quattuor
1015 1442 1087 1471 victa
1104 1448 1193 1471 erant.
1226 1442 1258 1471 D.

192 1484 293 1514 Iunius
316 1484 494 1514 Lusitaniam
517 1484 782 1524 expugnationibus
805 1485 921 1514 urbium
944 1494 1036 1523 usque
1058 1485 1091 1513 ad
1109 1483 1259 1513 Oceanum

193 1527 359 1566 perdomuit
382 1531 425 1561 et,
443 1536 509 1556 cum
526 1527 634 1556 flumen
653 1526 835 1556 Oblivionem
853 1526 975 1556 transire
992 1526 1121 1562 nollent,
1144 1531 1259 1565 raptum

194 1569 332 1607 signifero
350 1569 465 1607 signum
483 1569 545 1607 ipse
561 1569 710 1598 transtulit
726 1574 754 1598 et
771 1569 828 1605 sie,
845 1574 876 1598 ut
893 1569 1173 1607 transgrederentur,
1190 1577 1257 1607 per-

193 1611 292 1640 suasit.
316 1611 469 1640 Alexandri
483 1611 568 1646 filius,
584 1620 633 1640 rex
643 1611 751 1649 Syriae,
764 1611 863 1640 decem
874 1620 967 1640 annos
975 1610 1258 1645 admodumhabens,

193 1663 208 1682 a
221 1653 355 1689 Diodoto,
373 1653 422 1691 qui
434 1653 575 1692 Tryphon
589 1653 859 1691 cognominabatur,
877 1657 971 1682 tutore
984 1662 1047 1688 suo,
1063 1662 1116 1692 per
1129 1652 1258 1681 fraudem

193 1695 307 1724 occisus
329 1700 372 1724 est
395 1695 541 1734 corruptis
557 1695 692 1731 medicis,
717 1696 765 1734 qui
788 1695 869 1724 illum
890 1695 993 1724 calculi
1009 1695 1108 1724 dolore
1124 1694 1258 1724 consumi

195 1738 230 1766 ad
246 1737 390 1776 populum
406 1738 531 1773 mentiti,
547 1738 616 1767 dum
631 1741 741 1773 secant,
759 1737 939 1766 occiderunt.

264 1797 285 1819 7.
306 1796 493 1827 impetrarant]
512 1795 575 1820 nach
595 1795 678 1824 Halm;
698 1794 771 1819 Nam:
791 1796 973 1826 impetrat-ent.
986 1808 1019 1811 —
1040 1796 1074 1818 15.
1094 1795 1154 1823 vox]
1174 1794 1258 1825 einge-

196 1829 250 1860 ftigt
273 1828 337 1853 nach
361 1829 409 1853 deu
430 1830 555 1860 jiingeren
577 1829 693 1857 Hdschr.;
722 1828 886 1860 Britzelmayr
914 1829 1016 1860 erg'anzt
1044 1827 1079 1851 ad
1105 1836 1182 1851 alu-es
1207 1836 1259 1851 voa*

195 1862 278 1887 hinter
296 1863 402 1887 accidit.
422 1877 454 1880 —
476 1865 513 1889 16.
533 1865 558 1887 et
576 1864 667 1893 victas]
687 1862 750 1887 nach
769 1862 841 1892 Naz.;
865 1861 930 1886 Jahn
953 1861 1058 1886 streieht
1080 1863 1105 1884 et
1123 1861 1186 1886 nach
1210 1861 1257 1885 den

196 1897 317 1927 itingeren
337 1896 439 1921 Hdsciir.
