1367 2143
500 62 556 87 ΗΒ.
577 61 796 87 Lthll—vattt.
1007 62 1010 65 ’
1127 61 1181 90 151

115 149 268 179 advocatus
283 149 441 178 deterreret
459 157 522 183 eos,
540 157 576 177 ne
593 147 682 186 Alpes
699 147 855 176 transirent
872 146 982 176 ltaliam
1001 147 1132 186 petituri,
1151 158 1184 178 eo

116 191 192 230 quod
205 191 313 221 diceret
326 190 473 220 Romanos
487 190 561 219 vinci
580 199 639 219 non
657 198 753 228 posse,
770 198 784 219 a
798 189 943 227 Boiorige,
961 189 1050 219 feroci
1069 190 1183 227 iuvene,

115 234 228 263 occisus
241 238 291 262 cst.
327 233 361 262 ab
379 233 478 262 iisdem
492 232 625 261 hostibus
638 231 689 261 Cn.
703 231 827 261 Manlius
840 231 943 260 consul
957 236 983 260 et
997 231 1029 265 Q.
1044 232 1184 262 Servilius

114 275 219 315 Caepio
243 275 400 314 proconsul
424 274 490 304 victi
514 274 625 314 proelio
646 274 747 303 castris
767 282 884 312 quoque
909 273 985 302 binis
1005 275 1082 304 exuti
1099 279 1182 310 sunt;

113 317 238 347 militum
255 317 331 347 milia
348 317 496 355 octoginta
513 317 624 351 occisa,
647 316 782 345 calonum
800 320 829 345 et
852 316 975 345 lixarum
993 317 1183 355 quadraginta

115 370 130 388 *
151 370 166 388 *
190 360 351 390 secundum
369 359 569 389 Arausionem.
601 358 773 397 Caepionis,
796 358 879 387 cuius
903 359 1064 389 temeritate
1087 359 1183 389 clades

113 408 229 441 accepta
247 407 315 438 erat,
332 402 458 432 damnati
475 401 552 431 bona
569 399 713 440 publicata
731 404 799 430 sunt
816 400 902 439 primi
920 406 986 439 post
1002 411 1100 439 regem
1112 402 1182 431 Tar-

114 445 246 483 quinium
268 444 481 484 imperiumque
494 444 519 472 ei
539 442 720 480 abrogatum.
747 443 775 471 iu
789 443 938 481 triumpho
952 442 981 471 C.
997 443 1066 473 Mari
1080 444 1185 474 ductus

113 491 179 516 ante
196 496 314 516 currum
331 486 394 516 eius
404 486 541 524 Iugurtha
554 494 620 514 cum
633 484 748 514 duobus
764 485 830 514 tiliis
844 490 871 514 et
888 485 917 514 in
931 494 1047 515 carcere
1061 491 1183 516 necatus

113 534 163 558 est.
198 529 305 558 Marius
322 528 490 568 triumphali
507 533 583 557 veste
599 527 628 556 in
646 532 777 557 senatum
796 527 888 563 venit,
919 528 996 566 quod
1014 537 1099 557 nemo
1117 534 1183 558 ante

113 580 179 600 eum
196 572 312 606 lecerat,
329 571 414 609 eique
430 575 551 609 propter
567 575 676 599 metum
692 569 828 599 Cimbrici
845 569 913 599 belli
930 570 1118 600 continuatus
1132 580 1184 610 per

112 613 269 652 conplures
284 622 378 642 annos
393 618 435 642 est
452 611 631 642 consulatus.
662 612 792 642 secundo
810 616 836 641 et
853 612 938 642 tertio
955 612 1061 642 absens
1078 613 1182 643 consul

109 660 223 685 creatus
247 660 382 694 quartum
405 655 591 684 consulatum
614 654 832 684 dissimulanter
856 659 977 694 captans
1005 661 1182 686 consecutus

111 702 162 727 est.
197 697 250 727 Cn.
263 697 406 726 Domitius
419 697 552 737 pontifex
565 697 708 726 maximus
722 697 824 736 populi
842 697 980 736 suffragio
999 704 1112 727 creatus
1130 703 1182 728 est.

111 739 219 769 Cimbri
240 740 356 769 vastatis
378 739 529 774 omnibus,
555 748 628 778 quae
651 739 727 768 iuter
751 739 925 769 Rhodanum
950 744 977 769 et
999 740 1182 779 Pyrenaeum

109 786 194 817 sunt,
211 791 263 821 per
279 782 382 811 saltum
401 782 429 811 in
447 781 616 821 Hispaniam
635 782 809 820 transgressi
827 781 926 820 ibique
942 782 1032 811 multa
1049 782 1111 812 loca
1128 793 1182 822 po-

115 824 215 863 pulati,
232 834 246 854 a
261 823 414 854 Celtiberis
427 824 515 862 fugati
532 829 601 854 sunt
612 824 779 862 reversique
793 824 821 853 in
836 823 956 854 Galliam
970 825 1000 854 in
1012 824 1184 855 Vellocassis

115 876 145 896 se
162 866 304 896 Teutonis
320 866 547 896 coniunxerunt.

180 925 202 949 S.
229 934 244 947 ἢ
264 934 278 946 σε
297 925 448 954 secuudum]
473 924 536 948 nach
555 923 616 955 Mg.;
636 923 714 948 Jahn:
740 924 938 948 se(·1171d111!1.-—
959 925 998 949 19.
1020 925 1184 956 sellae—assis]

116 958 178 982 nat-li
198 957 269 982 illius.
289 957 338 983 RG.
359 959 394 987 2⁵,
418 960 474 985 185:
494 957 544 989 Mg.
564 958 672 985 ebenso;
698 957 813 983 adst-1112:
834 958 951 982 bellicosi
969 958 1028 983 oder
1048 959 1186 984 bellicosis.

551 1033 616 1058 LlB.
637 1033 739 1058 LXVIII.

194 1085 331 1106 inamoena
348 1086 404 1105 Lm.
421 1085 517 1105 Lxx-111.
553 1077 591 1106 Μ.
605 1077 752 1106 Antonius
768 1081 886 1116 praetor
901 1077 930 1106 in
948 1077 1077 1107 Ciliciam
1094 1079 1181 1108 mari-

110 1119 196 1148 timos
213 1119 376 1158 praedones
392 1119 431 1156 [id
448 1124 491 1148 est
506 1119 625 1158 piratas]
643 1124 816 1158 persecutus
833 1125 884 1149 est.
913 1119 943 1149 C.
956 1120 1064 1150 Marius
1078 1121 1183 1150 consul

110 1170 222 1191 sumina
238 1162 263 1190 vi
287 1165 456 1200 oppugnata
481 1170 496 1190 a
513 1161 655 1192 Teutonis
671 1166 700 1191 et
716 1161 916 1191 Ambronibus
932 1167 1025 1192 castra
1041 1163 1182 1192 defendit.

109 1203 224 1233 duobus
240 1204 343 1233 deinde
360 1203 480 1242 proeliis
498 1203 574 1233 circa
587 1205 684 1242 Aquas
696 1203 809 1234 Sextias
825 1204 942 1234 eosdem
955 1205 1054 1234 hostes
1066 1205 1180 1241 delevit,

109 1246 139 1275 in
153 1246 260 1285 quibus
272 1256 354 1275 caesa
367 1246 523 1275 traduntur
534 1246 662 1275 hostium
674 1246 799 1276 ducenta
812 1246 900 1282 milia,
918 1251 1001 1286 capta
1014 1248 1182 1285 nonaginta.

109 1288 217 1318 Marius
232 1288 338 1318 absens
355 1288 489 1327 quintum
506 1288 609 1318 consul
625 1293 738 1318 creatus
763 1293 816 1318 est.
853 1289 1034 1328 triumphum
1052 1289 1181 1320 oblatum

109 1331 202 1360 donec
214 1335 243 1360 et
256 1330 389 1360 Cimbros
405 1330 535 1361 vinceret
547 1330 667 1360 distulit.
703 1330 812 1360 Cimbri
829 1340 895 1360 cum
912 1332 1031 1370 repulso
1048 1331 1083 1361 ab
1099 1332 1182 1371 Alpi-

108 1373 163 1402 bus
180 1373 339 1412 sugatoque
353 1372 385 1406 Q.
398 1372 500 1402 Catulo
517 1373 704 1412 proconsule,
721 1374 771 1412 qui
787 1374 885 1403 fauces
899 1374 1016 1413 Alpium
1030 1374 1182 1404 obsidebat

109 1415 278 1454 flumenque
294 1415 424 1444 Athesim
443 1426 458 1443 κε
479 1426 494 1443 ³1<
519 1415 669 1446 castellum
685 1416 795 1446 editum
811 1416 966 1452 insederat,
991 1416 1180 1456 relinqueret,

109 1467 182 1496 quae
206 1462 301 1487 tamen
319 1457 423 1487 virtute
446 1467 497 1487 sua
520 1458 660 1497 explicata
684 1458 844 1497 fugientem
866 1458 1074 1498 proconsulem
1100 1468 1181 1489 exer-

109 1499 258 1538 citumque
275 1505 431 1530 consecuta
448 1504 508 1535 est,
531 1501 561 1530 in
577 1500 688 1530 ltaliam
704 1501 902 1537 traiecissent,
928 1501 1035 1531 iunctis
1050 1502 1180 1531 eiusdem

109 1542 202 1572 Catuli
219 1547 247 1571 et
259 1541 289 1572 C.
302 1542 373 1571 Mari
390 1542 564 1573 exercitibus
580 1543 691 1582 proelio
708 1543 775 1573 victi
792 1548 876 1580 sunt;
901 1544 931 1573 in
948 1553 1006 1582 quo
1024 1553 1106 1581 caesa
1124 1550 1181 1573 tra-

107 1584 218 1614 duntur
226 1584 354 1614 hostium
363 1590 480 1614 centum
489 1585 678 1624 quadraginta
691 1585 780 1622 milia,
795 1590 877 1624 capta
890 1586 1048 1624 sexaginta.
1073 1586 1182 1616 Marius

109 1627 198 1656 totius
213 1627 335 1656 civitatis
352 1636 499 1656 consensu
515 1632 654 1667 exceptus
668 1637 720 1667 pro
734 1628 849 1657 duobus
861 1628 1025 1667 triumphis,
1043 1628 1093 1667 qui
1110 1629 1182 1658 offe-

107 1669 257 1704 rebantur,
271 1678 330 1698 uno
344 1674 502 1699 contentus
514 1670 578 1700 suit.
609 1670 752 1710 primores
765 1670 897 1707 civitam,
910 1671 960 1710 qui
974 1671 999 1700 ei
1013 1670 1182 1709 aliquandiu

109 1715 140 1740 ut
158 1720 233 1740 novo
250 1711 362 1741 homini
379 1712 413 1741 ad
430 1717 527 1742 tantos
539 1713 667 1742 honores
679 1717 777 1742 evecto
791 1713 964 1748 inviderant,
981 1718 1180 1743 conservatam

108 1753 143 1783 ab
166 1763 199 1783 eo
219 1762 281 1783 rem
306 1753 453 1793 publicam
476 1754 650 1785 fatebantur.
684 1755 834 1785 Publicius
850 1754 1002 1785 Malleolus
1022 1760 1114 1785 matre
1130 1765 1180 1786 oc-

109 1795 167 1825 cisa
184 1796 296 1835 primus
311 1796 340 1826 in
358 1796 452 1826 culleo
470 1797 584 1827 insutus
601 1797 630 1828 in
654 1806 734 1827 mare
758 1798 965 1837 praecipitatus
989 1802 1041 1827 est.
1075 1798 1180 1828 ancilia

110 1846 176 1867 cum
192 1839 315 1878 strepitu
328 1844 405 1868 mota
422 1848 494 1875 esse,
510 1844 666 1879 antequam
678 1839 855 1870 Cimbricum
868 1839 977 1870 bellum
995 1849 1180 1870 consumma-

110 1884 200 1915 retur,
216 1881 350 1911 rel'ertur.
384 1881 458 1911 bella
475 1886 625 1921 praeterea
638 1882 714 1912 inter
728 1882 828 1921 Syriae
844 1891 928 1921 reges
941 1887 1021 1922 gesta
1039 1883 1180 1913 continet.

1206 238 1220 261 5

1208 448 1235 473 10

1207 659 1233 684 15

1208 872 1236 897 20

1206 1464 1232 1489 10

1206 1676 1233 1701 15

1204 1888 1232 1912 20
