1367 2143
106 97 124 112 a.
140 91 188 111 Chr.
203 97 222 110 n.
239 91 281 110 165.

441 82 531 107 ruffin
550 82 673 107 XXXXV.

709 81 778 107 car.
801 84 837 107 14.
1134 79 1168 108 31

105 168 146 198 ria
162 177 229 197 vero
247 168 350 207 populi
367 168 490 197 Romani
507 168 605 198 laetari
623 177 689 197 eum
707 176 804 206 regem
822 167 928 197 mirum
945 177 1005 197 non
1022 176 1101 202 esse,
1124 167 1174 205 qui

105 216 213 240 sortem
232 220 348 240 omnem
372 212 507 240 fortunae
530 210 673 249 regnique
695 210 739 239 sui
763 218 829 239 cum
854 209 941 238 rebus
959 209 1097 239 Romanis
1120 210 1174 239 ini-

105 253 238 282 souis-sei.
253 258 348 291 grates
365 253 425 282 deis
439 262 491 291 pro
504 252 621 282 victoria
630 252 706 291 apud
720 260 790 281 suos
804 255 924 290 penates
934 256 1048 289 agerem
1065 251 1173 281 Romae

104 295 194 324 filium
213 304 265 334 pro
283 304 317 324 eo
341 301 483 325 acturum.
515 294 690 332 gratulatum
714 302 833 332 quoque
857 293 926 322 satis
950 303 1003 323 suo
1027 303 1059 324 ac
1083 294 1172 333 patris
1195 299 1208 323 4

106 337 224 367 nomine
238 347 311 367 esse.
343 338 438 376 ipsum
452 337 620 376 relinquere
632 345 755 375 regnum
773 341 800 366 et
813 336 908 365 Africa
922 336 1071 372 excedere,
1090 346 1172 375 prae-

104 384 235 418 terquam
254 380 332 418 quod
349 380 389 409 illi
407 379 510 409 inutile
525 383 610 414 esset,
630 388 688 408 non
706 387 770 408 esse
787 388 802 407 e
819 387 849 407 re
866 378 982 417 publica
1000 378 1101 417 populi
1115 378 1173 407 llo-

103 422 180 451 mani
198 427 331 451 senatum
348 431 477 451 censere.
508 421 618 460 petenti
636 420 804 459 Masgabae,
823 425 853 449 ut
872 420 986 457 llanno,
1004 420 1174 450 Hamilcaris
1197 426 1210 449 5

103 464 190 499 silius,
207 464 292 493 obses
309 464 338 494 in
356 465 451 493 locum
471 474 486 492 *
507 474 522 491 ἰε
542 463 680 501 exigeret.
713 472 834 492 munera
853 472 887 492 ex
903 468 1021 492 senatus
1039 463 1173 492 consulto
1197 468 1211 492 6

103 516 199 536 emere
210 506 310 544 regulo
319 511 456 545 quaestor
468 505 565 535 iussus
574 515 607 535 ex
621 509 738 534 centum
751 505 850 544 pondo
864 506 977 543 argenti
991 510 1019 535 et
1031 505 1171 544 prosequi

103 558 169 578 euni
187 549 325 578 Puteolos
341 557 517 586 omnemque
533 553 700 586 sumptum,
724 548 818 586 quoad
837 547 865 577 in
883 547 961 577 Italia
980 552 1071 583 esset,
1089 557 1173 586 prae-

103 591 172 620 here
189 595 217 620 et
232 591 302 620 duas
319 600 404 620 naves
421 590 602 626 conducere,
628 590 734 628 quibus
759 590 821 629 ipse
844 590 1025 628 comitesque
1050 590 1126 628 regis
1144 590 1172 619 in

102 633 227 662 Africam
244 633 476 669 devehe-rentum
494 638 522 662 et
538 633 694 662 comitibus
717 632 871 668 omnibus,
896 632 995 662 liberis
1011 632 1172 670 servisque,

101 675 270 704 vestimenta
287 675 359 704 (lata.
391 675 467 704 haud
486 675 524 704 ita
548 675 639 704 multo
664 680 731 714 post
755 675 790 704 de
814 674 904 704 altero
921 674 1090 704 Masinissae
1114 675 1171 704 filio
1197 680 1211 705 8

100 717 247 755 Misagene
272 717 384 747 litterae
407 717 516 747 adlatae
541 722 627 753 sunt,
650 717 771 747 missum
795 726 862 746 eum
886 717 921 746 ab
943 717 975 746 L.
994 717 1083 746 Paulo
1106 722 1173 755 post

100 759 242 789 devictum
271 759 375 789 Persea
403 761 432 788 in
462 760 588 789 Africam
617 769 683 789 cum
711 759 858 797 equitibus
882 760 960 794 suis;
990 760 1172 797 navigantem

100 802 231 840 dispersa
249 801 340 831 classe
357 802 386 830 in
405 801 570 831 Hadriatico
587 802 658 831 mari
673 801 862 831 Brundisium
877 802 971 831 tribus
986 801 1107 831 navibus
1124 811 1171 830 ae-

100 853 183 882 grum
202 844 337 873 delatum.
369 844 483 874 adeum
501 853 567 873 cum
581 844 683 873 iisdem
696 843 880 879 muneribus,
898 853 971 882 quae
988 843 1050 872 data
1064 843 1172 873 Romae
1195 849 1209 873 9

98 886 181 915 fratri
198 886 260 915 eius
277 891 374 922 erant,
398 886 429 915 L.
447 887 604 916 Stertinius
622 891 759 925 quaestor
774 885 964 916 Brundisium
980 886 1087 916 missus
1113 888 1171 916 ius-

99 938 206 967 susque
224 938 336 964 curare,
354 933 385 958 ut
402 928 486 958 aedes
503 929 629 967 hospitio
648 939 664 957 *
684 939 699 956 =1=

133 980 154 1003 3.
173 980 270 1002 sortem
290 986 390 1002 omnem
403 978 540 1008 fortunae]
557 978 608 1003 ‘dle

98 1019 177 1044 ganzo
196 1011 262 1043 Lage
282 1012 341 1038 (alle
356 1011 539 1042 Verhiiltnisse)
560 1013 607 1036 sei-

97 1053 141 1070 ner
161 1043 293 1077 Stellung'3
319 1045 447 1075 fortunae
470 1046 504 1070 ist
529 1045 606 1070 durcli

97 1081 226 1111 regnique
245 1080 322 1104 nalier
338 1079 476 1109 bestimmt,
490 1091 522 1100 =
537 1080 606 1104 seine

98 1112 216 1145 Stellung
235 1113 272 1137 als
292 1113 386 1145 Konig;
411 1113 461 1145 vgl.
481 1115 505 1144 4,
524 1115 550 1138 ὃς
576 1114 607 1137 tle

96 1149 166 1171 statu
186 1149 211 1171 et
224 1148 381 1171 condicione
394 1156 458 1171 suae
471 1147 606 1176 fortunae.

95 1195 127 1199 —
141 1182 296 1211 miscuisset]
316 1181 463 1206 bezeielinet
483 1181 523 1205 (lie
543 1188 606 1212 enge

96 1214 272 1246 Verbindung;
301 1215 352 1247 vgl.
378 1217 419 1245 40,
444 1216 466 1244 S,
493 1217 534 1243 15;
563 1215 607 1239 das

96 1248 196 1273 hdschr.
207 1250 385 1273 inmiscuisset
399 1249 485 1273 wfirde
496 1248 536 1272 die
547 1248 608 1273 Ent-

97 1282 203 1314 sernung
230 1290 279 1307 von
309 1290 367 1306 eum
394 1284 432 1312 (so
457 1282 507 1309 ΚΓ.)
536 1282 608 1314 no'tig

96 1316 214 1344 macheiu
235 1324 254 1342 s,
269 1317 309 1342 27.
321 1318 360 1341 30.
372 1318 401 1341 5:
422 1324 454 1340 ue
472 1316 608 1347 Philippus

96 1370 101 1375 .
118 1369 123 1374 .
139 1351 216 1374 rebus
245 1350 371 1374 Graeciae
403 1351 607 1379 1'111u11'sceretur;

95 1383 147 1416 vgl.
167 1383 390 1415 (lagegen1,9‚4:
411 1385 528 1408 homines
547 1392 605 1408 eum

96 1418 246 1442 hominibus
256 1436 261 1442 .
273 1425 372 1449 ‚genus
385 1419 508 1446 miscet-m
529 1420 552 1448 9,
565 1419 606 1447 22,

98 1453 135 1476 10.
165 1451 265 1476 Ebenso
289 1451 375 1483 haufig
400 1452 439 1476 hei
460 1451 484 1476 L.
508 1451 553 1476 das
572 1452 605 1476 im

96 1485 254 1510 klassischen
268 1485 356 1510 Latein
376 1485 531 1517 bevorzugte
545 1493 606 1510 corz-

96 1520 515 1550 iungere-grauns.13,17223,
526 1521 533 1543 1
543 1521 605 1544 ma.

129 1555 153 1578 4.
170 1555 358 1585 praeterquam
379 1553 450 1584 quod
466 1572 471 1577 .
487 1573 492 1578 .
509 1561 562 1577 non
573 1572 578 1577 .
589 1554 605 1584 .]

97 1594 116 1612 s.
136 1588 158 1617 Ἴ,
178 1588 206 1615 ·2;
228 1587 382 1619 ungeaclitet
407 1587 451 1611 des
469 1588 510 1617 42,
530 1588 570 1617 29,
589 1588 604 1613 9

97 1620 256 1645 Berichteten
276 1621 344 1645 stelit
358 1620 490 1645 Masinissa
510 1621 606 1645 wieder

97 1655 121 1678 iu
135 1654 225 1679 hohen]
240 1655 351 1685 Ansehn,
367 1654 418 1679 und
431 1655 471 1679 bei
486 1663 538 1679 non
553 1663 606 1679 esse

98 1696 110 1712 e
127 1697 156 1712 re
173 1689 279 1720 publica
294 1697 323 1720 p.
339 1688 368 1713 R.
388 1688 421 1713 ist
440 1688 508 1713 wohl
528 1688 604 1713 daran

97 1729 126 1746 zu
140 1722 248 1753 denken,
267 1722 321 1747 dass
335 1722 490 1747 inzwischen
504 1722 544 1747 die
557 1722 607 1747 Pu-

97 1755 150 1781 nier
173 1759 253 1781 etwas
272 1756 454 1781 unternelimen
479 1756 606 1785 konntem

97 1789 147 1821 vgl.
167 1791 207 1819 43,
229 1791 251 1820 3,
271 1792 293 1815 6.
323 1790 371 1815 Zur
390 1790 542 1822 Ablelinung
561 1790 605 1815 des

98 1822 260 1881 {finiglichen
288 1823 417 1849 Besuches
443 1824 494 1856 vgl.
520 1824 604 1856 Lange

115 1877 121 1887 ‚
139 1858 195 1883 286.

132 1893 153 1916 5.
172 1893 200 1915 in
214 1891 308 1922 locum]
322 1891 430 1916 darnach
445 1891 507 1916 fehlt
521 1891 604 1916 ausser

98 1924 154 1949 (lem
179 1925 275 1950 Nomen
307 1926 435 1958 proprium
461 1928 528 1950 elwa
557 1925 603 1950 sol<

661 977 756 1010 gender
781 977 912 1002 Gedanke:
938 980 1107 1009 posceretur,
1133 986 1173 1001 re-

660 1019 784 1043 sponsum
804 1013 841 1035 est
859 1011 932 1035 haud
955 1019 1066 1043 aequum
1087 1011 1174 1035 videri

660 1048 781 1070 senatum
801 1054 816 1069 a
836 1045 1104 1076 Carthaginiensibus
1129 1047 1172 1069 ob-

659 1080 729 1104 sides
747 1080 861 1103 arbitrio
880 1079 1037 1103 Masinissae
1055 1081 1171 1111 exigere.

694 1115 716 1138 6.
737 1115 869 1145 quaestor]
893 1121 911 1138 s.
933 1114 947 1142 ξ
968 1115 994 1141 9;
1022 1115 1060 1141 13,
1080 1115 1108 1141 ὃς
1132 1113 1172 1138 die

660 1146 809 1172 Geschenke
823 1146 878 1171 sind
893 1147 1066 1172 bedeutender
1079 1147 1116 1172 als
1130 1155 1172 1179 ge—

661 1181 803 1210 wfihnlich;
824 1189 843 1205 s.
864 1188 894 1205 zu
914 1182 954 1211 43,
972 1183 995 1210 5,
1010 1183 1172 1212 S.—sump-

661 1216 717 1238 tum
729 1233 734 1239 .
746 1216 760 1244 .]
780 1222 798 1239 s.
820 1216 859 1241 30,
879 1216 919 1245 21,
933 1216 961 1242 5;
980 1216 1110 1245 42,6,11;
1131 1216 1173 1246 43,

661 1250 684 1279 S,
704 1250 731 1277 ὃς
751 1248 823 1273 Mms.
844 1247 892 1272 RF.
915 1249 936 1278 1,
956 1249 1012 1273 346.

696 1284 718 1307 7.
739 1283 906 1313 comitesque]
926 1289 944 1306 s.
961 1284 1000 1311 31»,
1017 1283 1054 1311 17,
1072 1283 1114 1309 14:
1129 1283 1169 1313 43,

661 1317 725 1345 5,S;
754 1318 816 1340 statt
841 1315 885 1339 (les
914 1315 1013 1340 hdschr.
1040 1315 1104 1340 nach
1133 1325 1172 1340 re-

659 1350 723 1380 gulo
738 1349 807 1374 niclit
820 1349 963 1381 passenden
977 1351 1049 1381 regis
1063 1349 1095 1374 ist
1109 1350 1171 1375 viet-

660 1383 738 1408 leicht
757 1383 802 1408 mit
816 1383 856 1408 Gr.
871 1385 928 1407 eius
947 1391 976 1408 zu
991 1383 1068 1409 lesen.
1082 1398 1115 1401 -
1129 1384 1171 1408 cle-

660 1418 823 1447 vela-rentur]
844 1425 862 1441 S.
887 1419 924 1447 to,
944 1419 966 1442 5.

693 1452 716 1476 S.
736 1451 767 1475 de
779 1470 785 1475 .
797 1469 802 1475 .
814 1451 927 1481 litterae]
946 1448 999 1475 ‘der
1018 1451 1071 1475 sicli
1090 1451 1171 1483 bezog

660 1484 718 1509 aus.
731 1483 753 1513 .’;
773 1485 823 1516 vgl.
846 1486 883 1511 10,
899 1486 921 1515 S,
938 1486 964 1512 1;
984 1486 1024 1510 28,
1036 1486 1075 1510 35.
1089 1487 1114 1516 1;
1130 1487 1170 1515 44,

662 1520 738 1548 16,1,·
757 1519 820 1543 iiber
839 1519 870 1543 de
882 1537 887 1542 .
899 1538 904 1542 .
917 1526 973 1542 eum
994 1526 1013 1544 s.
1034 1520 1117 1548 21143,
1132 1521 1170 1549 1-1,

660 1554 682 1577 7.
706 1566 739 1570 ——
762 1552 906 1583 Misagene]
930 1560 949 1576 s.
968 1554 1008 1579 42,
1028 1554 1068 1583 29,
1088 1554 1110 1578 S.
1130 1554 1171 1583 62,

659 1586 713 1615 21.;
734 1586 784 1618 vgl.
797 1586 851 1610 Val.
863 1585 927 1610 Max.
940 1588 962 1613 5,
976 1588 996 1615 1,
1012 1587 1171 1616 1:0011lecto

658 1620 829 1644 Macedonico
844 1620 909 1644 bello
922 1619 1102 1650 Musochanes,
1116 1620 1171 1644 Ma-

657 1655 768 1678 sinissae
794 1654 884 1684 filius,
913 1661 969 1678 cum
999 1655 1131 1685 equitibus
1144 1673 1149 1679 .
1165 1673 1170 1678 .

659 1688 834 1712 Brundisium
853 1694 934 1718 aeger
953 1687 1055 1712 delatus
1074 1691 1118 1713 est·
1137 1702 1170 1705 -—

658 1723 776 1752 missum]
794 1718 956 1749 ‘entlasseu‘;
983 1729 1002 1745 s.
1023 1723 1062 1751 21,
1083 1724 1122 1752 54,
1143 1723 1169 1746 3:

659 1757 763 1779 mittere
778 1757 959 1787 praetor-imm
980 1757 1019 1784 30,
1040 1757 1062 1785 3,
1078 1757 1108 1781 4:
1127 1764 1170 1779 eu-

658 1798 717 1813 ram
750 1798 783 1813 ea*
813 1791 902 1814 auimo
937 1790 1057 1817 misera&
1089 1789 1168 1814 Wssb.

658 1824 744 1850 meint,
764 1823 819 1847 dass
837 1822 968 1848 vielleicht
981 1823 1118 1848 dimissum
1139 1831 1168 1848 zu

658 1857 727 1882 lesen
748 1857 797 1885 sei;
819 1856 872 1881 Val.
892 1856 957 1882 Max.
978 1860 1046 1889 sagi:
1071 1858 1106 1882 ad
1120 1866 1168 1889 pa-

658 1893 723 1915 trem
743 1892 873 1915 remissus.

692 1927 715 1951 9.
730 1926 853 1957 hospitio]
867 1933 887 1949 s.
901 1926 942 1953 42,
957 1927 979 1951 6.
993 1926 1035 1952 11:
1050 1925 1101 1956 vgl.
1115 1924 1168 1950 Val.
