1367 2143
432 81 488 107 Lm.
509 81 874 109 Lxxxxvt—Lxxxxvult.
1129 81 1189 110 167

525 167 542 191 1.
550 167 556 191 1
566 166 592 191 B.
614 166 785 192 Lxxxxvul.

202 218 338 238 PEltlouttA
353 219 406 238 1,1Β.
421 219 568 239 [xxxxviii.
599 210 758 245 Machares,
775 209 852 239 filius
864 209 1047 245 Mithridatis,
1064 209 1188 250 Bospori

115 260 181 286 rex,
204 261 218 280 a
244 252 276 280 L.
295 252 417 281 Lucullo
443 253 471 282 in
494 252 648 282 amicitiam
672 257 807 292 receptus
830 257 881 281 est.
918 252 969 281 Cn.
994 252 1138 282 Lentulus
1161 256 1188 282 et

116 294 147 323 L.
166 294 277 323 Gellius
294 304 432 324 censores
448 304 580 334 asperam
598 303 751 324 censuram
769 299 891 332 egerunt
908 299 1045 333 quattuor
1061 299 1089 324 et
1106 304 1187 324 sexa-

115 336 195 374 ginta
213 341 314 366 senatu
338 337 432 366 motis.
467 347 481 366 a
505 337 611 376 quibus
635 336 726 366 lustro
749 336 869 366 condito
893 345 979 366 censa
996 342 1063 366 sunt
1080 337 1186 367 civium

115 379 209 417 capita
233 384 380 417 nongenta
404 379 491 409 milia.
529 379 560 408 L.
578 379 713 408 Metellus
736 382 853 418 praetor
876 379 904 407 in
929 379 1026 409 Sicilia
1049 380 1186 409 adversus

114 421 224 459 piratas
245 430 384 461 prospere
407 430 468 451 rem
490 421 588 460 gessit.
623 421 763 461 templum
780 421 855 450 lovis
878 421 907 450 in
925 421 1085 460 Capitolio,
1108 422 1186 461 quod

115 463 252 492 inccndio
275 468 484 503 consumptum
501 473 533 493 ac
553 463 693 493 resectum
717 468 792 499 erat,
815 472 829 492 a
847 463 879 497 Q.
897 463 999 493 Catulo
1022 464 1186 494 dedicatum

115 510 166 534 est.
194 505 226 534 L.
245 505 386 535 Lucullus
402 506 431 535 in
446 506 581 535 Armenia
599 505 783 535 Mithridaten
802 511 829 535 et
841 505 988 544 Tigranen
1005 512 1032 535 et
1050 507 1185 545 ingentes

114 548 267 586 utriusque
284 549 360 587 regis
376 548 474 587 copias
498 547 632 587 pluribus
654 548 773 587 proeliis
798 548 878 578 fudit.
917 548 950 582 Q.
968 548 1101 578 Metellus
1117 558 1185 588 pro—

115 590 217 619 consul
240 590 316 619 helio
340 590 476 620 adversus
493 590 646 619 Cretenses
670 591 805 620 mandato
824 590 982 629 Cydoniam
1007 591 1109 620 urbem
1134 591 1186 620 oh-

113 632 195 661 sedit-
232 632 262 661 C.
280 632 419 668 Triarius,
442 633 554 671 legatus
571 632 702 668 Luculli,
725 633 862 662 adversus
879 633 1065 663 Mithridaten
1082 643 1185 672 parum

111 683 253 713 prospere
271 675 419 714 pugnavit.
452 675 607 704 Lucullum
619 697 626 710 ‚
652 685 688 704 ne
705 680 932 714 persequeretur
948 675 1135 705 Mithridaten
1152 685 1185 706 ac

111 715 258 754 Tigranen
272 726 473 756 summamque
487 717 624 747 victoriae
639 717 805 757 inponeret,
819 718 922 747 seditio
936 718 1062 748 militum
1080 719 1184 755 tenuit,

111 759 159 797 qui
177 759 260 797 sequi
278 759 415 789 nolebant
432 761 456 797 1,
480 760 506 789 id
523 764 563 789 est
588 759 720 798 legiones
735 760 920 796 valerianae,
945 770 1018 799 quae
1035 761 1152 800 impleta
1169 770 1184 790 a

110 810 141 831 se
156 802 310 841 stipendia,
328 802 458 831 (licentes
474 802 630 832 Lucullum
647 802 848 841 reliquerunt].

182 861 244 884 14—
251 861 280 884 13
299 860 338 889 tid
355 861 613 892 est.rel1·q11‹›111nt>
631 860 687 885 sind
707 860 799 885 unecht
818 860 883 885 auch
903 860 966 885 uach
979 860 1058 885 Jahns
1071 861 1186 886 Ansicht.

195 926 269 965 ⁴26)
285 926 432 964 Λιούιος
450 925 481 958 δ’
509 927 656 969 εὶρηκεν,
674 940 719 965 ως
736 941 773 960 οι
762 925 821 960 δε
817 940 899 960 τοτε
913 926 1067 968 Ῥωμαῖοι
1083 929 1184 961 πολε-

110 981 202 1009 μιοις
226 966 434 1006 ἆῑῑοόἐοιτες
458 970 606 1011 τοσοιῗζτω
631 970 759 1012 πλιθει
785 970 933 1011 amoeni„
922 972 1032 1002 ζἀπο·
1065 971 1184 1011 σχεδὸν

108 1011 171 1053 stry
184 1009 256 1042 οὐδ’
273 1010 436 1043 εἰκοστόν.
454 1009 525 1042 ἀλλ)
542 1002 678 1044 ἔλαττον
694 1012 848 1054 ἐγέιοντο
865 1016 967 1053 μέρος
981 1013 1012 1045 οἱ
1027 1017 1184 1051 uzffivzeg

108 1056 174 1085 τιῦν
192 1051 399 1095 ἧῑσσνιιέιωι
438 1054 582 1086 Plutarch
598 1054 709 1086 Lucull.
727 1057 776 1087 28.
813 1055 872 1095 tql.
890 1056 970 1087 Saul.
995 1067 1017 1087 s.
1043 1067 1068 1088 υ.
1089 1055 1185 1088 on'-

109 1082 256 1134 nomimog,
274 1097 345 1133 111,
362 1098 433 1133 611,
455 1099 490 1127 10
508 1097 595 1136 Bady.

194 1154 267 1195 *27)
285 1156 374 1205 Φησὶ
395 1154 428 1186 d'
450 1152 466 1186 ὁ
480 1155 654 1193 Λιούιος’
641 1169 676 1188 εν
688 1157 749 1195 μὲν
761 1169 800 1199 τη
819 1160 968 1198 προτέρᾳ
982 1156 1069 1199 μάχη
1087 1157 1184 1189 πλεί-

109 1209 197 1235 ονας,
215 1196 250 1229 ἐν
264 1197 300 1229 δὲ
313 1196 415 1238 ταύτῃ
434 1201 709 1238 γνωριμωτέρους
725 1205 843 1231 πεσεῖν
858 1201 912 1231 καὶ
925 1200 1105 1240 ληφθῆναι
1117 1212 1154 1231 uz
1167 1212 1182 1231 ν

109 1240 290 1279 πολεμίων.
323 1240 470 1271 Plutarch.
488 1241 596 1271 Lucull.
615 1244 664 1272 31.

193 1302 209 1318 ³¹<
227 1300 270 1336 ΙΟ.
288 1299 422 1328 Metellus
438 1305 465 1328 et
482 1299 515 1333 Q.
534 1300 717 1329 Hortensius.
749 1300 794 1330 his
809 1301 981 1330 consulibus
997 1311 1010 1330 a
1028 1301 1061 1335 Q.
1079 1302 1182 1331 Catulo

108 1348 272 1381 reparatum
297 1342 521 1381 dedicatumque
544 1342 719 1381 Capitolium
743 1347 784 1372 est
812 1344 847 1380 (a.
872 1353 900 1373 u.
923 1353 947 1373 c.
969 1345 1047 1380 635;
1072 1353 1097 1373 a.
1115 1344 1182 1374 Chr.

109 1394 137 1414 n.
155 1385 215 1422 69).
250 1384 373 1414 Cassiod.
390 1384 497 1421 rhrom]

509 1468 526 1491 L
534 1468 542 1492 l
550 1467 577 1492 Β.
598 1468 708 1492 Lxxxx
714 1468 781 1494 VlllI.

193 1528 331 1547 pantenus
356 1528 410 1547 Lm.
434 1528 594 1548 Lxxxxvuu.
630 1519 662 1554 Q.
680 1520 814 1549 Metellus
834 1521 994 1559 proconsul
1013 1522 1130 1551 Cnoson
1155 1527 1183 1552 et

108 1561 230 1599 Lyctum
240 1566 267 1591 et
276 1561 433 1600 Cydoniam
445 1567 472 1591 et
485 1562 554 1592 alias
564 1562 704 1601 plurimas
717 1562 804 1592 urbes
814 1564 1000 1602 expugnavit.
1017 1563 1049 1592 L.
1058 1563 1182 1594 Roscius

107 1603 244 1633 tribunus
261 1603 355 1642 plebis
370 1603 462 1642 legem
476 1604 550 1639 tulit,
569 1609 600 1634 ut
612 1605 760 1643 equitibus
773 1604 934 1635 Romanis
927 1615 957 1635 m
971 1606 1083 1636 theatro
1098 1613 1182 1646 quat—

107 1646 270 1675 tuordecim
286 1646 393 1684 gradus
409 1647 532 1695 proximi
549 1647 781 1686 adsignarentur.
817 1647 869 1677 Cn.
886 1648 1045 1688 Pompeius
1061 1648 1125 1688 tege
1146 1649 1181 1680 ad

107 1688 251 1727 populum
268 1688 323 1717 lata
340 1689 477 1736 persequi
494 1689 601 1729 piratas
618 1689 730 1725 iussus,
754 1690 803 1729 qui
821 1691 1031 1720 commercium
1047 1700 1183 1722 annonae

107 1730 347 1766 intercluserant‚
371 1731 445 1761 intra
462 1732 717 1771 quadragesimum
739 1733 814 1762 diem
836 1738 898 1763 toto
914 1734 987 1763 mari
1003 1743 1053 1763 eos
1070 1734 1182 1782 expulit

108 1772 244 1812 belloque
260 1783 326 1803 cum
344 1773 385 1803 eis
400 1774 430 1803 in
445 1774 543 1804 Cilicia
556 1775 691 1805 consecto
704 1775 833 1815 acceptis
846 1776 875 1805 in
890 1776 1066 1805 deditionem
1081 1777 1181 1816 piratis

109 1823 194 1853 agros
210 1821 239 1845 et
255 1816 343 1845 urbes
359 1816 446 1846 dedit
478 1822 626 1856 praeterea
648 1827 694 1847 res
718 1823 813 1856 gestas
829 1828 843 1847 a
861 1817 894 1852 Q.
911 1818 1028 1848 Metello
1044 1819 1181 1849 adversus

109 1856 264 1888 Cretenses
287 1859 420 1888 continet
443 1864 470 1888 et
492 1860 630 1899 epistulas
647 1860 754 1889 Metelli
777 1865 805 1890 et
827 1860 880 1890 Cn.
897 1861 1018 1901 Pompei
1043 1862 1071 1891 in
1089 1862 1180 1891 vicem

109 1899 219 1929 missas.
255 1902 387 1939 queritur
403 1901 436 1935 Q.
454 1901 588 1932 Metellus
606 1902 727 1941 gloriam
749 1902 803 1932 sibi
828 1912 925 1933 rerum
947 1913 963 1933 a
986 1913 1016 1933 se
1034 1909 1180 1943 gestarum

1211 596 1237 621 10

1210 808 1237 833 15)

1205 1699 1218 1721 5

1205 1909 1232 1934 10
