1367 2143
149 257 162 278 5

186 77 245 108 148
425 79 453 104 T.
472 79 534 104 LlVl
552 78 732 104 PERIOCHAE
750 78 791 104 ET
809 78 1018 105 FRAGMENTA.

185 164 257 194 muit
273 163 365 200 bello,
382 163 487 194 missus
502 164 531 194 in
555 164 693 193 auxilium
709 163 931 193 Massiliensium
953 164 1089 193 adversus
1105 163 1248 193 Salluvios

187 206 294 242 Gallos,
311 206 360 245 qui
376 206 449 236 fines
464 206 687 236 Massiliensium
710 205 934 245 populabantur.
964 205 997 235 L.
1014 205 1148 245 Opimius
1165 215 1248 245 prae-

185 253 231 278 tor
247 247 444 287 Fregellanos,
461 248 510 287 qui
527 248 702 284 defecerant,
718 248 747 277 in
764 247 939 277 deditionem
955 248 1084 287 accepit,
1102 247 1249 286 Fregellas

187 291 283 320 diruit.
315 290 478 329 pestilentia
501 291 531 319 in
555 290 650 320 Africa
670 290 705 320 ab
728 290 841 329 ingenti
864 290 1041 320 lucustarum
1064 290 1248 319 multitudine

187 337 215 362 et
231 332 335 362 deinde
352 337 518 362 necatarum
534 337 629 370 strage
646 333 734 362 fuisse
750 333 882 362 traditur.
909 332 1033 362 lustrum
1049 342 1064 361 a
1077 332 1249 362 censoribus

188 375 337 405 conditum
355 379 413 411 est;
430 384 515 404 censa
532 379 600 404 sunt
616 374 720 404 civium
737 374 831 414 capita
848 379 978 404 trecenta
994 374 1152 412 nonaginta
1168 379 1250 413 quat-

187 422 254 446 tuor
276 417 354 446 milia
375 417 560 456 septingenta
581 417 682 455 viginti
705 426 763 446 sex.
798 417 827 447 G.
844 416 1008 453 Gracchus,
1031 416 1129 445 Tiberi
1152 416 1250 452 frater,

137 465 164 489 10
185 459 321 489 tribunus
333 459 435 498 plebis,
454 459 637 498 eloquentior
650 468 736 497 quam
749 459 848 495 frater,
861 459 1040 498 perniciosas
1051 458 1162 497 aliquot
1173 458 1252 497 leges

138 676 165 699 15

139 887 166 910 20

187 501 268 538 tulit,
296 501 372 531 inter
395 511 467 540 quas
489 501 722 537 frumentariam,
745 506 775 530 ut
797 501 875 530 senis
898 505 926 530 et
946 501 1050 530 triente
1072 501 1251 530 frumentum

189 543 265 583 plebi
282 544 415 580 daretur;
439 543 556 573 alteram
573 543 667 582 legem
683 543 834 581 agrariam,
851 552 937 581 quam
954 548 981 572 et
997 543 1084 572 frater
1100 543 1162 572 eius
1179 542 1251 572 tule-

188 590 247 622 rat;
271 586 398 622 tertiam,
422 595 478 624 qua
495 590 658 624 equestrem
681 585 813 614 ordinem
830 589 899 615 tunc
915 595 982 615 cum
1005 589 1106 614 senatu
1127 594 1252 614 consen—

189 628 308 657 tientem
332 632 550 667 corrumperet,
573 632 606 657 ut
627 628 752 657 sescenti
775 636 806 656 ex
825 628 921 667 equite
938 628 967 657 in
993 627 1102 656 curiam
1119 626 1252 666 sublege-

188 674 290 699 rentur
306 675 351 705 et,
375 671 441 708 quia
458 670 514 698 illis
531 670 712 708 temporibus
728 670 849 699 trecenti
866 674 979 699 tantum
995 674 1144 699 senatores
1161 674 1252 705 erant,

189 712 313 741 sescenti
337 712 449 750 equites
472 712 609 741 trecentis
632 711 815 741 senatoribus
837 712 1080 748 admiscerentur,
1104 711 1130 740 id
1148 715 1206 747 est,
1222 715 1254 741 ut

190 758 324 792 equester
340 754 411 783 ordo
427 754 472 782 bis
484 758 595 783 tantum
611 753 714 783 virium
728 754 757 782 in
773 759 875 783 senatu
887 753 1015 783 haberet.
1044 758 1071 782 et
1083 753 1253 783 continuato

189 796 219 825 in
235 796 357 825 alterum
373 804 483 825 annum
499 795 649 825 tribunatu
665 795 778 834 legibus
795 795 914 834 agrariis
925 795 990 825 latis
1006 795 1110 831 effecit,
1127 799 1159 824 ut
1174 804 1253 824 com-

190 838 288 877 plures
304 838 436 867 coloniae
452 839 481 867 in
495 838 574 867 Italia
591 838 803 867 deducerentur
819 842 845 867 et
861 847 919 867 una
935 838 964 866 in
981 837 1043 866 solo
1060 837 1173 866 dirutae
1186 837 1254 867 Car-

188 880 324 918 thaginis,
347 889 405 918 quo
422 881 485 919 ipse
500 880 633 909 triumvir
650 884 763 909 creatus
779 880 922 909 coloniam
947 880 1073 909 deduxit.
1104 884 1254 918 praeterea

190 932 236 952 res
252 932 266 951 a
284 922 318 956 Q.
333 922 450 952 Metello
467 922 587 951 consule
603 922 738 951 adversus
754 922 887 951 Baleares
903 926 998 960 gestas
1014 922 1160 957 continet,
1181 930 1255 960 quos

190 965 293 993 Graeci
306 964 480 1003 Gymnesios
492 964 648 1003 appellant,
662 964 727 1002 quia
741 968 876 993 aestatem
891 964 960 992 nudi
974 964 1109 1002 exigunt3
1124 963 1255 993 Baleares

190 1016 204 1035 a
229 1006 276 1035 teli
299 1007 389 1036 missu
412 1006 547 1045 appellati
568 1006 613 1035 vel
636 1015 651 1034 a
673 1006 768 1041 Bali0,
799 1006 933 1035 Herculis
955 1006 1060 1035 comite
1081 1006 1120 1035 ibi
1144 1005 1255 1041 relicto,

190 1058 257 1078 cum
273 1049 413 1078 Hercules
428 1049 461 1077 ad
479 1048 642 1086 Geryonem
659 1049 813 1086 navigaret.
843 1052 941 1077 motus
961 1057 1078 1086 quoque
1094 1048 1193 1086 Syriae
1209 1057 1255 1077 re-

139 1096 166 1120 25
189 1091 333 1126 feruntur,
350 1091 379 1120 in
397 1091 503 1129 quibus
519 1090 670 1129 Cleopatra
683 1090 871 1125 Demetrium,
888 1090 981 1119 virum
998 1099 1093 1124 suum,
1111 1094 1139 1119 et
1155 1090 1255 1119 Seleu-

144 1812 171 1835 10

191 1143 257 1162 cum
279 1133 387 1168 filium,
410 1133 575 1171 indignata,
600 1133 677 1171 quod
694 1133 789 1162 occiso
807 1137 888 1171 patre
906 1132 968 1162 eius
992 1142 1006 1161 a
1023 1141 1054 1161 se
1070 1132 1183 1161 iniussu
1201 1141 1254 1161 suo

191 1176 320 1205 diadema
337 1175 518 1213 sumpsisset,
534 1175 690 1204 interemit.

263 1227 282 1249 1.
301 1224 464 1253 rebellantes]
487 1224 551 1248 nach
574 1223 691 1254 Pighius;
716 1223 833 1248 Hdschr.:
858 1224 988 1248 bellantes.
1010 1237 1043 1240 —
1068 1225 1106 1248 11.
1132 1224 1201 1247 senis
1224 1225 1256 1252 et]
1291 1235 1296 1240 ·

192 1259 255 1283 nach
274 1257 366 1286 Wfsb.;
387 1258 504 1282 Hdsclir.:
523 1258 594 1281 semis
612 1260 649 1286 et,
672 1256 759 1281 Mitis:
778 1259 848 1281 senis
867 1265 937 1285 cunm
961 1256 1025 1288 Mg.:
1049 1258 1118 1281 senis
1136 1258 1207 1281 aeris
1225 1259 1256 1281 et.

192 1307 223 1309 —
246 1293 340 1317 16—-17
362 1292 401 1322 (z'cl
419 1292 619 1321 est..ltube1·et)
638 1291 670 1315 ist
690 1290 748 1315 Wss.
767 1291 878 1323 geneigt,
897 1291 936 1315 fiir
955 1290 1048 1315 unecht
1067 1298 1096 1315 zu
1116 1290 1209 1315 halten.
1223 1304 1256 1307 —

192 1327 291 1350 ’ΖΟ-24
310 1326 462 1357 (praeterea
474 1344 480 1349 .
492 1326 658 1355 manigaret)
677 1324 772 1348 erklart
790 1324 848 1348 Wss.
869 1324 907 1348 siir
926 1324 1025 1349 uneclit.

655 1391 721 1415 LIB.
741 1391 798 1415 LXI.

277 1435 413 1455 remonuit
430 1436 486 1455 Lm.
502 1435 557 1455 in.
595 1425 626 1455 C.
649 1426 764 1455 Sextius
786 1425 945 1464 proconsul
968 1426 1040 1454 victa
1063 1425 1257 1455 Salluviorum

193 1474 280 1507 gente
296 1468 440 1498 coloniam
457 1470 554 1506 Aquas
570 1467 681 1497 Sextias
697 1467 842 1503 condidit,
865 1467 902 1496 ob
924 1476 1064 1505 aquarum
1088 1467 1202 1506 copiam
1223 1477 1257 1497 ex

193 1511 282 1541 caldis
298 1511 469 1549 frigidisque
489 1510 619 1539 fontibus
630 1515 717 1548 atque
729 1519 744 1539 a
758 1509 877 1539 nomine
889 1518 941 1538 suo
954 1509 991 1538 ita
1005 1509 1173 1548 appellatas.
1204 1509 1256 1539 Cn.

194 1553 337 1582 Domitius
356 1552 515 1592 proconsul
536 1552 672 1581 adversus
687 1551 857 1589 Allobrogas
880 1552 913 1580 ad
937 1552 1077 1590 oppidum
1094 1551 1257 1581 Vindalium

194 1596 315 1624 feliciter
331 1596 478 1634 pugnavit.
510 1594 616 1633 quibus
630 1594 738 1623 bellum
757 1593 899 1623 inferendi
916 1603 1001 1623 causa
1017 1594 1087 1630 fuit,
1104 1594 1181 1632 quod
1198 1593 1257 1623 Tu-

194 1637 369 1667 tomotulum
381 1660 388 1673 ,
411 1636 605 1666 Salluviorum
621 1645 733 1674 regem,
756 1636 916 1674 fugientem
931 1636 1112 1674 recepissent
1133 1641 1161 1665 et
1178 1636 1257 1665 omni

195 1689 250 1718 ope
266 1679 406 1709 iuvissent
418 1679 554 1718 quodque
567 1679 732 1708 Aeduorum
744 1687 839 1716 agros,
855 1680 997 1708 sociorum
1010 1678 1110 1717 populi
1123 1678 1257 1713 Romani,

194 1722 390 1750 vastavissent.
422 1722 451 1750 C.
470 1721 617 1750 Gracchus
640 1721 776 1750 seditioso
790 1721 939 1750 tribunatu
962 1725 1027 1749 acto
1051 1729 1117 1749 cum
1140 1721 1257 1749 Aventi-

196 1773 265 1793 num
280 1773 397 1802 quoque
410 1768 517 1793 armata
533 1763 718 1792 multitudine
735 1767 915 1801 occupasset,
931 1772 946 1792 a
959 1762 991 1791 L.
1005 1762 1122 1801 Opimio
1137 1762 1257 1792 consule

194 1815 227 1835 ex
245 1811 363 1835 senatus
385 1805 520 1835 consulto
537 1810 637 1835 vocato
653 1806 688 1834 ad
703 1813 781 1834 arma
797 1805 907 1844 populo
924 1804 1026 1843 pulsus
1041 1809 1069 1833 et
1085 1805 1199 1834 occisus
1215 1809 1258 1834 est

195 1853 223 1878 et
246 1857 311 1877 cum
335 1857 367 1877 eo
390 1848 507 1877 Fulvius
529 1847 649 1877 Flaccus
671 1847 848 1883 consularis,
871 1847 967 1876 socius
989 1847 1116 1876 eiusdem
1140 1846 1256 1878 furoris.

196 1889 229 1924 Q.
245 1890 351 1920 Fabius
366 1890 506 1920 Maximus
529 1890 644 1926 consul,
666 1889 746 1919 Pauli
764 1899 873 1929 nepos,
892 1889 1027 1919 adversus
1043 1888 1214 1928 Allobrogas
1230 1893 1258 1918 et
