1367 2143
196 89 235 119 20
530 91 622 116 LIBER
640 92 762 117 XXXXV.
798 92 867 118 CAP.
888 96 925 119 10.

1116 109 1134 122 a.
1150 109 1169 122 u.
1184 109 1201 123 e.
1216 104 1259 122 536.

193 177 248 206 bus
277 176 310 206 ad
334 181 498 214 susceptam
526 176 699 215 legationem
723 178 917 216 peragendam
940 179 1073 217 navigare
1096 180 1258 218 Aegyptum

155 224 169 247 3
192 219 304 257 pergit,
329 223 361 247 ut
384 218 465 257 prius
477 228 632 248 occurrere
646 220 787 249 Antiocho
800 226 909 258 posset,
922 230 1006 258 quam
1018 221 1052 250 ad
1064 221 1259 251 Alexandreae

156 266 169 290 4
192 261 307 291 moenia
334 260 492 290 accederet.
531 270 597 290 cum
621 262 911 300 praeterveherentur
928 262 1023 291 Asiam
1046 263 1130 300 legati
1154 268 1180 293 et
1202 263 1260 292 Lo-

194 312 272 341 ryma
289 303 447 339 venissent,
471 303 520 341 qui
537 308 640 341 portus
657 303 756 342 viginti
773 304 860 342 paulo
875 304 999 343 amplius
1015 305 1092 334 milia
1107 305 1142 334 ab
1157 305 1260 334 Rhodo

156 351 169 371 5
192 345 273 374 abest
293 354 326 374 ex
346 345 464 374 adverso
488 345 552 374 urbi
577 345 630 383 ipsi
649 346 772 384 positus,
795 346 944 384 principes
961 346 1139 376 Rhodiorum
1156 356 1259 377 occur-

194 391 264 416 runt
279 405 318 408 —
336 387 389 416 iam
407 388 483 416 enim
500 396 534 416 eo
550 396 668 426 quoque
683 387 818 417 victoriae
833 389 907 417 fama
920 388 1028 426 perlata
1045 392 1104 417 erat
1116 405 1155 409 ——
1169 398 1256 418 oran-

193 433 245 463 tes,
264 433 295 459 ut
307 429 441 458 Rhodum
458 429 685 459 deveherentur:
702 430 851 468 pertinere
867 430 894 459 id
911 430 944 459 ad
962 431 1064 459 samam
1081 430 1260 469 salutemque

193 471 324 505 civitatis,
349 480 472 500 noscere
488 471 567 510 ipsos
583 472 694 507 omnia,
719 481 791 510 quae
807 476 868 501 acta
885 476 981 501 essent
996 481 1124 511 quaeque
1140 481 1261 510 ageren-

194 518 242 542 tur
258 513 369 548 Rhodi,
389 518 417 542 et
433 519 571 552 conperta
588 523 640 552 per
657 523 697 549 se,
714 523 772 543 non
790 514 900 552 volgata
917 514 991 543 fama
1009 515 1126 543 Romam
1142 515 1260 544 referre.

156 562 171 584 6
194 555 242 584 diu
267 560 407 593 negantes
430 555 641 594 perpulerunt,
669 560 701 585 ut
722 565 831 585 moram
856 556 1046 594 navigationis
1069 556 1183 586 brevem
1207 566 1260 595 pro

193 598 285 626 salute
308 598 403 627 sociae
428 597 509 627 urbis
530 602 709 636 paterentur.
748 604 900 637 postquam
917 598 1051 627 Rhodum
1076 604 1191 628 ventum
1209 604 1261 635 est,

157 647 169 668 τ
193 639 222 668 in
240 640 407 669 contionem
423 649 541 678 quoque
557 649 607 669 eos
625 640 708 669 iidem
725 640 862 679 precibus
875 644 1087 679 pertraxerunt.
1122 641 1261 670 adventus

194 681 355 719 legatorum
386 682 465 711 auxit
493 682 592 720 potius
616 682 747 711 timorem
773 682 879 711 civitati
903 691 987 720 quam
1012 682 1134 718 minuit;
1165 682 1261 712 omnia

194 724 271 752 enim
280 723 421 762 Popilius,
436 733 510 761 quae
523 724 631 762 singuli
643 724 831 762 universique
844 734 877 753 eo
891 724 966 753 bello
979 724 1122 753 hostiliter
1131 724 1262 753 dixerant

156 771 170 794 8
193 766 393 804 fecerantque,
417 765 528 795 rettulit
546 771 573 795 et
588 765 630 794 vir
646 775 730 804 asper
746 766 864 803 ingenio
880 766 1003 804 augebat
1017 766 1195 795 atrocitatem
1213 775 1258 795 eo-

156 813 170 836 9
193 816 273 843 rum,
298 816 371 844 quae
388 807 571 842 dicerentur,
595 807 672 836 voltu
690 808 763 837 truci
780 812 807 836 et
823 807 1000 836 accusatoria
1017 817 1101 843 voce,
1126 812 1172 844 ut,
1196 817 1262 837 cum

194 849 331 888 propriae
346 849 500 878 simultatis
516 849 594 878 nulla
610 859 695 879 cansa
712 859 776 879 cum
794 849 907 879 civitate
923 854 1007 886 esset,
1025 859 1058 879 ex
1075 850 1163 879 unius
1178 859 1262 879 sena-

196 908 254 930 licis
273 907 390 938 golosen3
411 907 517 931 attische
532 906 624 932 Schiffe
645 907 699 931 sind

195 940 254 965 aber
278 940 396 971 ung-ends
426 940 546 965 erwiihnt.
587 940 702 973 Popilius

196 974 239 998 hat
258 976 298 1001 44,
313 975 352 1000 29,
370 975 379 998 1
401 974 457 998 funs
474 974 638 1005 Kriegschifl'e
657 974 701 998 des

750 907 844 939 populi
858 906 972 931 Romani
986 908 1122 938 pertinere
1141 915 1182 931 eos
1201 915 1262 931 con-

753 941 821 964 sules
836 949 901 968 essm
922 942 961 971 35,
975 942 1015 971 24,
1033 943 1058 969 1;
1079 942 1119 971 33,
1130 941 1169 970 26,
1181 942 1194 965 3
1206 949 1229 965 ιι.
1240 948 1261 965 a.

754 988 785 991 —
806 975 975 1005 conperta..]
996 982 1014 998 s.
1035 982 1064 998 zu
1085 976 1125 1004 44,
1147 976 1185 1003 is,
1206 975 1228 998 2.

195 1007 320 1032 Eumenes
339 1008 363 1031 in
382 1007 457 1032 Delos
477 1007 632 1039 angoti-ossen
651 1007 701 1032 und

195 1041 325 1066 diesclhen
346 1042 411 1065 ohne
430 1041 535 1065 chisel
555 1042 640 1073 §pater
658 1049 702 1065 un-

196 1078 233 1099 ter
263 1076 358 1099 seinem
388 1074 544 1099 Kominando
577 1075 701 1099 behalten.

195 1108 269 1133 Die-se
289 1108 352 1132 wird
371 1116 397 1132 or
416 1109 483 1138 jetzt
502 1109 630 1133 entlassen
652 1108 703 1133 und

196 1142 235 1167 die
256 1143 358 1167 weitere
372 1141 446 1166 Reise
460 1149 505 1166 nur
523 1142 569 1166 mit
588 1142 635 1166 (len
650 1142 700 1166 drei

196 1175 371 1200 Fiinl'deeliern
386 1177 533 1206 angetreten
553 1175 643 1203 haben,
663 1175 702 1199 die

196 1218 222 1233 er
244 1218 288 1234 ans
309 1209 411 1233 Chalkis
436 1209 603 1239 mitgebracht
626 1209 702 1233 hatte.

196 1242 245 1274 Mg.
260 1250 337 1267 vernn.
348 1243 513 1268 adventii-iis,
528 1242 621 1266 Wssb.:
635 1244 703 1266 aeci-

197 1279 237 1303 lis,
257 1276 360 1300 Harant:
380 1276 515 1300 Asiaticis.
531 1290 559 1293 —
575 1277 704 1306 navigare

196 1311 358 1343 Aegyptum]
378 1317 397 1333 s.
420 1311 457 1335 11.
472 1310 498 1337 8;
518 1311 558 1336 42,
572 1311 611 1337 41,
626 1311 652 1337 ὃς
673 1317 702 1333 zu

199 1346 237 1373 10,
252 1346 291 1373 37,
310 1346 332 1370 l:
352 1343 403 1374 vgl.
423 1342 497 1374 Nipp.
517 1351 546 1367 zu
561 1342 620 1367 Tac.
639 1343 703 1367 Ann.

197 1379 219 1403 2.
240 1379 280 1402 69.
299 1391 331 1394 —-
346 1378 447 1408 pergit]
467 1384 486 1400 s.
506 1384 535 1401 zn
559 1379 578 1405 1,
593 1378 615 1406 7,
629 1378 651 1402 G.

232 1413 253 1436 3.
270 1412 366 1442 posses]
386 1410 435 1434 wie
455 1411 494 1438 32,
514 1411 554 1440 35,
567 1412 594 1437 4;
614 1418 703 1434 σωκ-ῃ·-

198 1453 257 1469 rere
275 1456 307 1464 =
329 1442 388 1468 ‘ihm
413 1443 560 1475 begegnen,
587 1443 626 1467 bei
654 1444 703 1467 ihm

197 1477 345 1505 eintreil'e11'3
364 1485 383 1502 S.
395 1477 409 1507 ξ
422 1479 448 1505 5;
460 1478 500 1507 33,
512 1478 537 1505 ὃς
550 1477 600 1508 vgl.
612 1478 651 1507 31,
664 1478 703 1507 29,

198 1513 220 1536 2.
232 1526 263 1529 —
274 1511 417 1540 accedet-el]
431 1510 539 1535 n'amlieh
549 1510 703 1539 Antiocllus;

197 1546 280 1570 hartel·
299 1544 417 1569 Wechsel
437 1544 480 1568 des
500 1543 630 1575 Subjekts.

232 1581 255 1603 4.
275 1579 402 1610 Loryma]
422 1586 441 1602 s.
460 1579 593 1609 37‚17‚8‚·
614 1577 703 1602 Strabo

201 1615 239 1643 1-1,
264 1614 287 1643 ’2,
311 1614 333 1642 4,
359 1620 382 1643 p.
403 1612 463 1636 652:
488 1609 612 1650 ,Λώρυμα
638 1620 704 1644 παρ-

200 1645 261 1670 αλία
284 1647 407 1679 τραχεῖα,
432 1646 475 1669 καὶ
494 1642 552 1678 ὅρος
570 1643 704 1677 υψηλότα-

198 1689 247 1705 τον
266 1679 324 1704 τῶν
342 1677 427 1712 ταύτῃ
439 1699 444 1703 .
456 1699 461 1703 .
473 1678 582 1708 Φοῖνιξ;
606 1686 636 1703 an
662 1678 705 1702 der

199 1712 372 1738 stidostlichen
392 1712 478 1745 Spitze
495 1712 607 1738 Kariens.
621 1726 652 1730 —
671 1720 705 1736 ear

200 1748 318 1776 adver-so]
338 1754 358 1771 s.
377 1748 417 1776 21,
431 1747 470 1775 27,
487 1748 510 1774 1;
531 1747 570 1777 22,
584 1748 607 1775 4,
619 1748 645 1774 4;
664 1745 704 1770 die

199 1780 303 1805 Hdschr.
329 1780 372 1804 hat
395 1782 419 1803 et
442 1780 574 1804 adversus.
593 1794 626 1797 —
644 1780 705 1803 urbi

199 1815 259 1846 ipsi]
280 1813 387 1838 nainlieh
406 1813 449 1837 der
468 1812 541 1838 stadt
560 1812 670 1838 Rhodus.

235 1850 257 1871 5.
277 1848 476 1877 deueherentur]
490 1855 509 1872 s.
524 1849 561 1877 14,
573 1848 594 1871 7.
607 1855 705 1878 —per-

200 1882 327 1910 tinez·e..]
346 1879 382 1905 ‘es
401 1881 464 1912 gehe
479 1899 500 1905 ..
515 1888 555 1911 an,
574 1880 608 1905 sei
629 1880 706 1904 wich-

201 1915 237 1947 fig
252 1915 290 1939 fiir
300 1933 305 1939 .
316 1912 339 1943 .';
359 1922 378 1939 s.
391 1916 430 1945 10,
440 1916 479 1944 24,
493 1916 535 1939 17:
555 1914 590 1938 ad
605 1913 705 1943 famam

788 1009 810 1032 6.
830 1007 876 1031 diu
895 1010 1021 1038 negantes
1033 1008 1261 1039 perpule7·unt]=

755 1049 805 1070 eos,
817 1042 864 1072 qui
873 1041 919 1064 din.
930 1042 1070 1072 negabant,
1079 1041 1263 1072 perpulerzmt;

755 1082 775 1099 s.
794 1076 834 1105 40,
854 1076 893 1104 55,
907 1076 935 1098 7:
952 1076 1040 1105 primo
1062 1075 1202 1098 audaciter
1220 1083 1264 1098 ne-

753 1111 861 1139 gantem
873 1126 878 1132 .
886 1126 892 1132 .
903 1116 954 1131 non
966 1108 1037 1131 ultra
1049 1108 1199 1137 tetendit-303
1211 1108 1261 1139 vgl.

756 1149 786 1165 zu
806 1143 846 1173 27,
864 1142 940 1171 43,3.
968 1141 1013 1165 Die
1026 1141 1129 1167 Hdschr.
1149 1142 1262 1173 11311191·-

752 1175 908 1206 Jmlser·11nt;
928 1174 999 1199 (latur
1018 1177 1143 1199 vermutet
1156 1174 1262 1199 Harant:

752 1208 873 1240 perpulsi
891 1211 961 1232 sunt.
974 1222 1006 1226 ——
1026 1208 1113 1239 iidem]
1132 1208 1172 1232 (lie
1187 1210 1263 1240 prin-

756 1244 825 1273 cipes
843 1241 1005 1266 Rhodiorum
1018 1242 1044 1273 (ᾗ
1058 1243 1091 1272 5),
1110 1241 1207 1266 welche
1221 1242 1265 1266 aus
1289 1258 1294 1263 ·

757 1275 842 1300 Seiten
856 1275 899 1299 der
912 1275 1004 1300 Romer
1017 1275 1155 1306 gestanden
1172 1275 1261 1300 haben.

755 1324 787 1326 —
803 1310 1008 1340 per-Crumerum]
1028 1317 1047 1334 s.
1067 1317 1098 1333 zu
1116 1310 1157 1339 43,
1176 1310 1199 1338 8,
1219 1311 1241 1334 3.

790 1344 812 1367 7.
823 1343 952 1367 adventus
964 1344 993 1372 ..]
1004 1343 1072 1367 steht
1082 1343 1106 1366 in
1118 1342 1263 1373 Beziehung

756 1384 785 1400 zu
809 1377 822 1407 ξ
843 1378 868 1401 5:
888 1377 1071 1407 11e1·t1'11e7·e..:
1095 1373 1182 1400 ‘indes'
1210 1384 1263 1400 ver-

756 1410 851 1434 melu-te
870 1429 875 1434 .
887 1428 892 1433 .
910 1418 971 1434 nur.
983 1430 988 1434 .
1007 1424 1039 1427 —
1058 1409 1171 1441 civitati]
1194 1417 1212 1434 s.
1233 1417 1263 1433 zu

756 1444 796 1470 4⁴,
808 1444 881 1472 35,1.
901 1457 934 1461 —
951 1443 1062 1474 singule]
1081 1443 1195 1467 einzelne
1205 1442 1264 1467 Par-

757 1477 909 1508 teihiiuptem
943 1478 1073 1501 universi:
1110 1476 1155 1501 das
1184 1484 1263 1508 ganze

756 1509 823 1534 Volk
848 1510 872 1533 in
898 1509 984 1534 seinen
1003 1509 1183 1538 Besclili'issem
1211 1510 1261 1540 vgl.

756 1545 796 1571 44,
816 1545 856 1574 29,
871 1545 893 1568 7.
904 1557 933 1561 —
946 1544 1057 1573 rettulit]
1076 1540 1189 1568 ‘brachte
1203 1543 1263 1567 wie-

756 1577 799 1602 der
824 1585 883 1608 vor,
907 1574 1088 1605 wiederholte';
1114 1576 1203 1602 anders
1223 1578 1262 1605 37,

757 1612 779 1636 6.
800 1612 812 1635 7
834 1619 858 1635 u.
877 1618 897 1635 a.

791 1646 813 1670 S.
833 1652 900 1676 quae
919 1644 1079 1674 dicerentur]
1104 1643 1211 1668 namlich
1231 1645 1262 1667 ab

756 1684 798 1707 θος
812 1677 876 1702 (lenn
891 1686 936 1702 nur
948 1677 992 1702 aus
1006 1677 1059 1709 das,
1072 1684 1125 1701 was
1140 1685 1170 1701 er
1183 1680 1262 1709 sagte,

757 1711 858 1736 konnen
881 1711 934 1736 sich
958 1711 997 1735 die
1016 1710 1103 1735 Worte
1128 1711 1262 1737 beziehew

756 1757 787 1765 =
801 1741 864 1769 ‘was
878 1752 904 1769 er
917 1752 962 1770 nur
981 1752 1057 1776 sagen
1071 1742 1192 1772 n1ocl1te';
1212 1745 1263 1769 ein-

757 1779 842 1803 sacher
868 1779 934 1803 ware
956 1786 1022 1810 quae
1046 1778 1152 1802 diceret.
1170 1792 1202 1795 —
1221 1786 1262 1802 ue-

756 1814 900 1842 cussum-ia]
919 1820 939 1836 S.
958 1820 988 1836 zu
1008 1813 1030 1841 2,
1049 1813 1089 1842 61,
1109 1813 1136 1835 7:
1157 1819 1262 1836 accusa<

757 1848 825 1871 tor-io
842 1847 949 1877 spiritu,

791 1881 814 1905 9.
832 1881 958 1911 propriae
970 1879 1120 1909 simultatis]
1141 1887 1160 1903 s.
1172 1880 1212 1910 26,
1223 1880 1263 1909 27,

760 1914 786 1938 11
798 1923 802 1937 :
821 1915 871 1937 sibi
886 1915 1021 1945 privatam
1033 1913 1191 1937 simultatem
1205 1921 1262 1937 cum
