1367 2143
460 94 679 120 rtthGtOttvat
701 94 799 119 LIBER.
1103 91 1164 121 209

94 186 192 211 tracta.
230 186 308 211 nocte
331 182 378 210 lux
402 181 439 210 ita
464 181 556 215 l'ulsit,
580 185 608 209 ut
632 186 778 219 tamquam
802 180 847 209 die
864 184 929 209 orto
953 180 987 208 ad
1011 189 1084 218 opus
1099 188 1165 208 sur-

92 229 221 263 geretur.
253 224 281 253 in
296 224 453 253 Mutinensi
470 223 604 252 victoriae
618 223 763 251 Marianae
779 223 895 261 signum
913 222 1062 251 meridiem
1080 231 1165 260 spec-

95 271 160 296 tans
175 276 226 296 sua
243 272 348 304 sponte
365 275 540 295 conversum
557 266 584 295 iu
606 265 839 303 septentrionem
863 265 932 293 liora
955 269 1065 303 quarta.
1097 274 1163 294 cum

93 309 164 337 llaec
182 309 305 338 victimis
321 309 523 347 expiarentur,
540 307 617 337 soles
634 312 692 336 tres
708 307 826 337 circiter
842 307 912 336 hora
930 307 1012 336 tertia
1029 307 1084 336 diei
1102 307 1162 339 visi,

94 361 160 380 mox
184 351 212 380 in
238 360 329 380 unum
352 351 454 380 orbem
475 350 627 380 contracti.
662 349 771 379 Latinis
795 349 824 378 in
842 349 954 378 Albano
979 354 1078 378 monte
1097 358 1164 379 cum

93 393 322 426 sacrificaretur.
349 403 382 422 ex
407 393 530 422 humero
554 402 585 422 ac
610 392 713 431 pollice
735 391 809 421 lovis
829 401 917 421 cruor
940 392 1074 421 manavit.
1112 400 1164 430 per

95 436 224 465 Cassium
251 441 276 465 ct
298 436 421 465 Brutum
444 436 473 465 in
498 435 657 474 provinciis
679 434 894 473 direptionibus
916 434 1064 463 sociorum
1089 433 1163 463 bella

92 482 182 516 gesta.
215 482 347 507 notatum
364 483 405 507 est
429 478 553 516 prodigii
571 478 634 506 loco
658 477 762 510 fuisse,
788 477 866 515 quod
883 476 913 505 P.
931 476 1025 505 Titius
1047 481 1164 514 praetor

93 525 215 559 propter
231 520 430 550 dissensiones
446 520 574 556 collegae
586 520 788 558 magistratum
805 518 970 557 abrogavit3
987 524 1013 548 et
1031 523 1098 547 ante
1111 528 1163 547 an-

94 572 164 591 num
183 567 224 591 cst
241 567 383 592 mortuus.
416 566 528 592 constat
553 562 714 595 neminem,
740 561 789 599 qui
813 561 1012 600 magistratum
1035 560 1163 599 collegae

92 604 267 638 abstulerat,
295 614 405 634 annum
430 604 541 633 vixisse.
580 604 794 642 abrogaverunt
818 608 915 633 autem
940 604 984 632 bi:
1008 603 1040 632 L.
1062 603 1164 633 lunius

93 646 201 676 Brutus
230 647 333 676 consul
359 646 521 685 Tarquinio
545 646 704 677 Collatino,
735 645 777 674 Ti.
803 646 951 675 Gracchus
974 646 1010 675 M.
1035 645 1164 677 Octavio.

97 688 146 718 Cn.
171 688 307 718 Octavius
328 688 358 718 L.
385 688 508 724 Cinnae,
531 688 560 718 C.
584 688 676 717 Cinna
700 687 838 717 tribunus
861 688 955 726 plebis
978 688 1008 717 P.
1032 688 1164 720 Marullo,

93 731 205 760 Tullius
224 742 239 759 *
260 742 285 760 *.
318 731 408 760 Bruto
426 736 451 760 et
470 731 566 760 Cassio
584 739 712 769 pugnam
737 730 874 759 adversus
891 730 1042 760 Caesarem
1059 735 1086 759 et
1104 731 1164 759 An-

94 774 208 802 tonium
223 774 412 803 molientibus
429 774 457 802 in
475 773 577 802 castris
590 772 678 802 Cassii
695 782 816 801 examen
834 773 932 811 apium
948 772 1090 802 consedit.
1122 772 1164 801 lo-

93 826 145 845 cus
161 816 330 854 aruspicum
347 816 426 845 iussu
450 816 627 845 interclusus
644 815 766 844 interius
789 815 877 844 ducto
902 816 984 844 vallo.
1016 815 1165 844 vulturum

93 863 119 887 et
137 858 258 887 aliarum
275 859 393 890 alitum,
411 858 517 896 quibus
533 863 646 896 strages
661 858 832 887 cadaverum
850 857 958 896 pabulo
976 862 1017 886 est
1029 881 1035 892 ,
1059 857 1164 896 ingens

92 901 134 930 vis
151 901 312 930 exercitum
329 900 478 930 advolarit.
510 909 583 939 puer
599 900 627 929 in
646 909 752 938 pompa
765 900 909 929 Victoriae
926 900 1006 929 cultu
1023 908 1089 928 cum
1107 900 1164 929 ser-

94 948 184 974 retur,
204 943 316 972 ferculo
330 943 447 973 decidit.
481 943 654 972 lustratione
677 943 762 971 lictor
786 942 930 981 perversis
954 941 1080 971 fascibus
1103 942 1164 971 lau-

94 995 172 1014 ream
189 986 337 1024 imposuit.
371 985 517 1014 Brutianis
533 985 562 1014 in
580 985 724 1023 proelium
741 985 960 1023 egredientibus
977 985 1118 1023 Aethiops
1135 985 1164 1014 iu

93 1033 176 1066 porta
194 1028 331 1059 occurrit,
349 1032 375 1056 et
394 1036 408 1056 a
425 1027 566 1057 militibus
579 1028 743 1057 confossus.
772 1027 887 1057 Cassius
903 1032 930 1056 et
948 1027 1056 1056 Brutus
1072 1027 1164 1056 inter-

94 1070 202 1100 ierunt.

179 1114 215 1142 71
235 1110 331 1152 [13t].
363 1111 392 1141 C.
410 1112 521 1141 Furnio
544 1111 574 1141 C.
592 1112 691 1141 Silano
715 1111 886 1141 consulibus
908 1112 962 1141 sub
985 1112 1164 1150 Appennino

93 1155 122 1184 in
140 1154 204 1183 villa
220 1155 324 1189 Liviae,
340 1154 440 1183 uxoris
453 1154 592 1190 Caesaris,
608 1154 722 1192 ingenti
738 1158 819 1184 motu
836 1158 914 1183 terra
930 1154 1091 1183 intremuit.
1120 1155 1165 1183 sax

94 1197 226 1226 caelestis
241 1206 256 1226 a
273 1197 435 1225 meridiano
452 1196 486 1225 ad
503 1196 736 1235 septentrionem
750 1201 867 1226 extenta
882 1197 978 1225 lucem
991 1197 1113 1226 diurnae
1126 1196 1164 1225 si-

93 1239 190 1268 milem
207 1244 294 1268 nocte
312 1239 388 1268 fecit.
421 1239 508 1268 turris
524 1239 678 1268 hortorum
695 1238 824 1268 Caesaris
839 1239 873 1268 ad
890 1243 1003 1278 portam
1022 1239 1164 1268 Collinam

93 1281 128 1310 de
151 1282 231 1310 caelo
255 1286 340 1311 tacta.
377 1281 489 1310 insidiis
512 1281 725 1311 Germanorum
748 1281 873 1310 Romani
895 1281 1086 1311 circumventi
1110 1281 1163 1311 sub

94 1324 130 1353 M.
149 1324 242 1353 Lollio
259 1324 352 1362 legato
369 1324 495 1362 graviter
510 1324 612 1353 vexati.

180 1368 218 1396 72
236 1364 332 1407 [132]¹
370 1366 459 1396 Paulo
483 1366 572 1395 Fabio
596 1366 630 1400 Q.
648 1366 728 1395 Aelio
751 1366 922 1395 consulibus
945 1366 974 1395 iu
999 1366 1163 1400 Germania,

94 1408 122 1437 in
141 1408 244 1438 castris
260 1408 345 1438 Drusi
362 1418 483 1438 examen
500 1409 599 1447 apium
616 1409 644 1437 in
663 1408 854 1438 tabernaculo
868 1408 983 1438 Hostilii
996 1408 1061 1438 Rufi
1078 1418 1164 1447 prae-

94 1451 161 1480 lecti
174 1456 338 1480 castrorum
351 1451 493 1487 consedit,
510 1452 547 1480 ita
565 1455 595 1480 ut
612 1451 713 1480 sunem
730 1452 972 1489 praetendentem
989 1452 1163 1490 praelixam-

94 1502 150 1531 que
163 1494 290 1523 tentorio
306 1494 436 1523 lanceam
454 1494 688 1532 amplecteretur.
720 1494 875 1523 multitudo
892 1493 1094 1523 Romanorum
1111 1503 1164 1532 per

94 1535 213 1565 insidias
229 1536 360 1566 subiecta
378 1541 430 1565 est.

165 1612 200 1635 13,
222 1610 265 1636 Cn.
288 1612 410 1635 Octavius
430 1611 458 1636 L.
479 1611 586 1641 Ct'nnae]
613 1611 744 1643 eingeliigt
767 1611 831 1636 nach
851 1611 958 1636 Rubino.
984 1626 1016 1629 —
1041 1612 1164 1635 trt'bmms

90 1644 183 1675 plebis]
203 1644 267 1669 uach
287 1644 425 1677 Rupertus:
446 1644 514 1669 Ata:
531 1654 557 1676 μ.
578 1647 743 1677 tarquinius:
763 1645 814 1677 vgl.
835 1645 895 1677 Kap.
916 1646 999 1670 21-
1013 1646 1052 1670 32.
1073 1644 1166 1669 Roma-

94 1679 199 1707 norum]
213 1678 277 1703 Jahn
298 1682 422 1703 vermutet
439 1679 630 1703 Ger-manorum
646 1679 706 1709 (und
722 1680 766 1705 33:
784 1680 917 1710 st1bacla);
931 1679 981 1711 vgl.
993 1678 1058 1703 Pliu.
1074 1681 1111 1709 11,
1126 1681 1165 1704 55.

148 1968 171 1987 T.
182 1968 230 1987 Liv.
240 1968 263 1987 X.
274 1969 292 1987 2¹.
315 1968 333 1988 ⁵2.
344 1968 398 1988 Auss.
984 1968 1012 1991 14

1189 564 1215 588 10

1190 774 1216 800 15

1188 986 1216 1010 2¹)
