<?xml version="1.0" encoding="UTF-8"?>
<!DOCTYPE html PUBLIC "-//W3C//DTD XHTML 1.0 Transitional//EN"
    "http://www.w3.org/TR/xhtml1/DTD/xhtml1-transitional.dtd">
<html xmlns="http://www.w3.org/1999/xhtml" xml:lang="en" lang="en">
 <head>
  <title>
</title>
<meta http-equiv="Content-Type" content="text/html;charset=utf-8" />
  <meta name='ocr-system' content='tesseract 3.04.00' />
  <meta name='ocr-capabilities' content='ocr_page ocr_carea ocr_par ocr_line ocrx_word'/>
</head>
<body>
  <div class='ocr_page' id='page_1' title='image "./aburbeconditalib10livyuoft_0376.png"; bbox 0 0 1367 2143; ppageno 0'>
   <div class='ocr_carea' id='block_1_1' title="bbox 150 428 177 451">
    <p class='ocr_par' dir='ltr' id='par_1_1' title="bbox 150 428 177 451">
     <span class='ocr_line' id='line_1_1' title="bbox 150 428 177 451; baseline 0 0"><span class='ocrx_word' id='word_1_1' title='bbox 150 428 177 451; x_wconf 85' lang='lat'><strong>10</strong></span> 
     </span>
    </p>
   </div>
   <div class='ocr_carea' id='block_1_2' title="bbox 153 1551 180 1574">
    <p class='ocr_par' dir='ltr' id='par_1_2' title="bbox 153 1551 180 1574">
     <span class='ocr_line' id='line_1_2' title="bbox 153 1551 180 1574; baseline 0 0"><span class='ocrx_word' id='word_1_2' title='bbox 153 1551 180 1574; x_wconf 77' lang='lat'><strong>10</strong></span> 
     </span>
    </p>
   </div>
   <div class='ocr_carea' id='block_1_3' title="bbox 202 82 1034 112">
    <p class='ocr_par' dir='ltr' id='par_1_3' title="bbox 202 82 1034 112">
     <span class='ocr_line' id='line_1_3' title="bbox 202 82 1034 112; baseline 0.004 -5"><span class='ocrx_word' id='word_1_3' title='bbox 202 82 261 112; x_wconf 82' lang='lat'><strong>178</strong></span> <span class='ocrx_word' id='word_1_4' title='bbox 441 84 469 108; x_wconf 93' lang='lat' dir='ltr'><strong>T.</strong></span> <span class='ocrx_word' id='word_1_5' title='bbox 489 83 550 108; x_wconf 91' lang='lat' dir='ltr'><strong>LlVl</strong></span> <span class='ocrx_word' id='word_1_6' title='bbox 569 83 748 108; x_wconf 82' lang='lat' dir='ltr'>PERIOCHAE</span> <span class='ocrx_word' id='word_1_7' title='bbox 767 83 807 108; x_wconf 85' lang='grc' dir='ltr'><strong>ΕΤ</strong></span> <span class='ocrx_word' id='word_1_8' title='bbox 827 84 1034 110; x_wconf 76' lang='lat' dir='ltr'>FRAGMENTA.</span> 
     </span>
    </p>
   </div>
   <div class='ocr_carea' id='block_1_4' title="bbox 200 169 1266 586">
    <p class='ocr_par' dir='ltr' id='par_1_4' title="bbox 200 169 1266 586">
     <span class='ocr_line' id='line_1_4' title="bbox 201 169 1264 208; baseline 0.002 -10"><span class='ocrx_word' id='word_1_9' title='bbox 201 169 318 208; x_wconf 84' lang='lat' dir='ltr'>pionem</span> <span class='ocrx_word' id='word_1_10' title='bbox 346 174 511 208; x_wconf 80' lang='lat' dir='ltr'><strong>praetorem</strong></span> <span class='ocrx_word' id='word_1_11' title='bbox 535 169 694 208; x_wconf 83' lang='lat' dir='ltr'>Iubamque</span> <span class='ocrx_word' id='word_1_12' title='bbox 717 169 784 198; x_wconf 86' lang='lat' dir='ltr'><strong>vicit</strong></span> <span class='ocrx_word' id='word_1_13' title='bbox 807 170 841 198; x_wconf 91' lang='lat' dir='ltr'><strong>ad</strong></span> <span class='ocrx_word' id='word_1_14' title='bbox 865 169 1012 208; x_wconf 80' lang='lat' dir='ltr'><strong>Thapsum</strong></span> <span class='ocrx_word' id='word_1_15' title='bbox 1036 171 1136 200; x_wconf 88' lang='lat' dir='ltr'><strong>castris</strong></span> <span class='ocrx_word' id='word_1_16' title='bbox 1164 179 1264 200; x_wconf 88' lang='lat' dir='ltr'><strong>eorum</strong></span> 
     </span>
     <span class='ocr_line' id='line_1_5' title="bbox 202 211 1264 250; baseline 0.002 -10"><span class='ocrx_word' id='word_1_17' title='bbox 202 211 383 250; x_wconf 80' lang='lat' dir='ltr'><strong>expugnatis.</strong></span> <span class='ocrx_word' id='word_1_18' title='bbox 415 211 483 240; x_wconf 90' lang='lat' dir='ltr'><strong>Cato</strong></span> <span class='ocrx_word' id='word_1_19' title='bbox 499 211 594 240; x_wconf 85' lang='lat' dir='ltr'><strong>audita</strong></span> <span class='ocrx_word' id='word_1_20' title='bbox 617 221 648 240; x_wconf 89' lang='lat' dir='ltr'><strong>re</strong></span> <span class='ocrx_word' id='word_1_21' title='bbox 671 220 736 240; x_wconf 88' lang='lat' dir='ltr'><strong>cum</strong></span> <span class='ocrx_word' id='word_1_22' title='bbox 759 221 789 240; x_wconf 92' lang='lat' dir='ltr'><strong>se</strong></span> <span class='ocrx_word' id='word_1_23' title='bbox 813 211 1003 250; x_wconf 77' lang='lat' dir='ltr'><strong>percussisset</strong></span> <span class='ocrx_word' id='word_1_24' title='bbox 1018 211 1114 242; x_wconf 79' lang='lat' dir='ltr'>Vticae</span> <span class='ocrx_word' id='word_1_25' title='bbox 1131 218 1159 242; x_wconf 88' lang='lat' dir='ltr'><strong>et</strong></span> <span class='ocrx_word' id='word_1_26' title='bbox 1174 213 1264 242; x_wconf 85' lang='lat' dir='ltr'><strong>inter-</strong></span> 
     </span>
     <span class='ocr_line' id='line_1_6' title="bbox 201 253 1263 292; baseline 0.002 -10"><span class='ocrx_word' id='word_1_27' title='bbox 201 254 336 282; x_wconf 88' lang='lat' dir='ltr'><strong>veniente</strong></span> <span class='ocrx_word' id='word_1_28' title='bbox 353 253 412 282; x_wconf 90' lang='lat' dir='ltr'><strong>filio</strong></span> <span class='ocrx_word' id='word_1_29' title='bbox 429 258 596 287; x_wconf 74' lang='lat' dir='ltr'>curaretur,</span> <span class='ocrx_word' id='word_1_30' title='bbox 613 253 689 282; x_wconf 89' lang='lat' dir='ltr'><strong>inter</strong></span> <span class='ocrx_word' id='word_1_31' title='bbox 704 253 795 292; x_wconf 84' lang='lat' dir='ltr'><strong>ipsam</strong></span> <span class='ocrx_word' id='word_1_32' title='bbox 813 253 991 282; x_wconf 86' lang='lat' dir='ltr'><strong>curationem</strong></span> <span class='ocrx_word' id='word_1_33' title='bbox 1008 255 1129 283; x_wconf 85' lang='lat' dir='ltr'><strong>rescisso</strong></span> <span class='ocrx_word' id='word_1_34' title='bbox 1146 255 1263 284; x_wconf 87' lang='lat' dir='ltr'><strong>vulnere</strong></span> 
     </span>
     <span class='ocr_line' id='line_1_7' title="bbox 202 295 1264 334; baseline 0.001 -9"><span class='ocrx_word' id='word_1_35' title='bbox 202 295 339 334; x_wconf 80' lang='lat' dir='ltr'>expiravit</span> <span class='ocrx_word' id='word_1_36' title='bbox 355 304 432 324; x_wconf 87' lang='lat' dir='ltr'><strong>anno</strong></span> <span class='ocrx_word' id='word_1_37' title='bbox 448 295 548 324; x_wconf 84' lang='lat' dir='ltr'><strong>aetatis</strong></span> <span class='ocrx_word' id='word_1_38' title='bbox 565 295 783 334; x_wconf 87' lang='lat' dir='ltr'><strong>quadragesimo</strong></span> <span class='ocrx_word' id='word_1_39' title='bbox 810 301 918 325; x_wconf 91' lang='lat' dir='ltr'><strong>octavo.</strong></span> <span class='ocrx_word' id='word_1_40' title='bbox 950 296 1081 325; x_wconf 79' lang='lat' dir='ltr'><strong>Petreius</strong></span> <span class='ocrx_word' id='word_1_41' title='bbox 1097 296 1196 326; x_wconf 90' lang='lat' dir='ltr'><strong>Iubam</strong></span> <span class='ocrx_word' id='word_1_42' title='bbox 1220 307 1264 326; x_wconf 88' lang='lat' dir='ltr'><strong>se-</strong></span> 
     </span>
     <span class='ocr_line' id='line_1_8' title="bbox 202 337 1265 376; baseline 0.001 -10"><span class='ocrx_word' id='word_1_43' title='bbox 202 347 258 376; x_wconf 88' lang='lat' dir='ltr'><strong>que</strong></span> <span class='ocrx_word' id='word_1_44' title='bbox 275 337 428 366; x_wconf 78' lang='lat' dir='ltr'><strong>interfecit.</strong></span> <span class='ocrx_word' id='word_1_45' title='bbox 464 337 494 366; x_wconf 91' lang='lat' dir='ltr'><strong>P.</strong></span> <span class='ocrx_word' id='word_1_46' title='bbox 513 337 611 376; x_wconf 86' lang='lat' dir='ltr'>Scipio</span> <span class='ocrx_word' id='word_1_47' title='bbox 634 337 663 366; x_wconf 90' lang='lat' dir='ltr'><strong>in</strong></span> <span class='ocrx_word' id='word_1_48' title='bbox 687 347 757 367; x_wconf 88' lang='lat' dir='ltr'><strong>nave</strong></span> <span class='ocrx_word' id='word_1_49' title='bbox 780 338 994 367; x_wconf 88' lang='lat' dir='ltr'><strong>circumventus</strong></span> <span class='ocrx_word' id='word_1_50' title='bbox 1016 339 1155 367; x_wconf 82' lang='lat' dir='ltr'><strong>honestae</strong></span> <span class='ocrx_word' id='word_1_51' title='bbox 1177 339 1265 367; x_wconf 87' lang='lat' dir='ltr'><strong>morti</strong></span> 
     </span>
     <span class='ocr_line' id='line_1_9' title="bbox 201 379 1264 419; baseline 0 -11"><span class='ocrx_word' id='word_1_52' title='bbox 201 389 301 409; x_wconf 91' lang='lat' dir='ltr'><strong>vocem</strong></span> <span class='ocrx_word' id='word_1_53' title='bbox 317 379 462 409; x_wconf 74' lang='lat' dir='ltr'><strong>honestam</strong></span> <span class='ocrx_word' id='word_1_54' title='bbox 478 380 596 415; x_wconf 82' lang='lat' dir='ltr'><strong>adiecit3</strong></span> <span class='ocrx_word' id='word_1_55' title='bbox 621 379 829 418; x_wconf 81' lang='lat' dir='ltr'><strong>quaerentibus</strong></span> <span class='ocrx_word' id='word_1_56' title='bbox 853 380 930 408; x_wconf 86' lang='lat' dir='ltr'><strong>enim</strong></span> <span class='ocrx_word' id='word_1_57' title='bbox 953 380 1157 419; x_wconf 82' lang='lat' dir='ltr'><strong>imperatorem</strong></span> <span class='ocrx_word' id='word_1_58' title='bbox 1173 380 1264 410; x_wconf 88' lang='lat' dir='ltr'><strong>hosti-</strong></span> 
     </span>
     <span class='ocr_line' id='line_1_10' title="bbox 201 419 1264 460; baseline 0 -10"><span class='ocrx_word' id='word_1_59' title='bbox 201 421 256 451; x_wconf 88' lang='lat' dir='ltr'><strong>bus</strong></span> <span class='ocrx_word' id='word_1_60' title='bbox 271 422 356 450; x_wconf 86' lang='lat' dir='ltr'><strong>dixit:</strong></span> <span class='ocrx_word' id='word_1_61' title='bbox 370 419 543 460; x_wconf 89' lang='lat' dir='ltr'><strong>‘Imperator</strong></span> <span class='ocrx_word' id='word_1_62' title='bbox 559 431 589 450; x_wconf 91' lang='lat' dir='ltr'><strong>se</strong></span> <span class='ocrx_word' id='word_1_63' title='bbox 603 421 678 451; x_wconf 91' lang='lat' dir='ltr'><strong>bene</strong></span> <span class='ocrx_word' id='word_1_64' title='bbox 694 419 801 451; x_wconf 85' lang='lat' dir='ltr'><strong>habet&#39;.</strong></span> <span class='ocrx_word' id='word_1_65' title='bbox 830 422 952 451; x_wconf 85' lang='lat' dir='ltr'><strong>Faustus</strong></span> <span class='ocrx_word' id='word_1_66' title='bbox 965 427 993 451; x_wconf 88' lang='lat' dir='ltr'><strong>et</strong></span> <span class='ocrx_word' id='word_1_67' title='bbox 1005 422 1142 452; x_wconf 76' lang='lat' dir='ltr'><strong>Afranius</strong></span> <span class='ocrx_word' id='word_1_68' title='bbox 1158 422 1264 457; x_wconf 88' lang='lat' dir='ltr'><strong>occisi;</strong></span> 
     </span>
     <span class='ocr_line' id='line_1_11' title="bbox 202 463 1266 502; baseline 0 -9"><span class='ocrx_word' id='word_1_69' title='bbox 202 464 320 493; x_wconf 84' lang='lat' dir='ltr'><strong>Catonis</strong></span> <span class='ocrx_word' id='word_1_70' title='bbox 336 463 395 492; x_wconf 87' lang='lat' dir='ltr'><strong>filio</strong></span> <span class='ocrx_word' id='word_1_71' title='bbox 411 464 492 493; x_wconf 88' lang='lat' dir='ltr'><strong>venia</strong></span> <span class='ocrx_word' id='word_1_72' title='bbox 509 464 583 493; x_wconf 89' lang='lat' dir='ltr'><strong>data.</strong></span> <span class='ocrx_word' id='word_1_73' title='bbox 610 464 728 499; x_wconf 47' lang='lat' dir='ltr'><strong>Brutus</strong></span> <span class='ocrx_word' id='word_1_74' title='bbox 741 463 851 502; x_wconf 83' lang='lat' dir='ltr'><strong>legatus</strong></span> <span class='ocrx_word' id='word_1_75' title='bbox 864 464 1002 500; x_wconf 82' lang='lat' dir='ltr'><strong>Caesaris,</strong></span> <span class='ocrx_word' id='word_1_76' title='bbox 1019 464 1048 493; x_wconf 89' lang='lat' dir='ltr'><strong>in</strong></span> <span class='ocrx_word' id='word_1_77' title='bbox 1063 464 1154 494; x_wconf 88' lang='lat' dir='ltr'><strong>Gallia</strong></span> <span class='ocrx_word' id='word_1_78' title='bbox 1171 464 1266 493; x_wconf 86' lang='lat' dir='ltr'><strong>Bello-</strong></span> 
     </span>
     <span class='ocr_line' id='line_1_12' title="bbox 200 505 696 544; baseline 0 -10"><span class='ocrx_word' id='word_1_79' title='bbox 200 515 286 535; x_wconf 86' lang='lat' dir='ltr'><strong>vacos</strong></span> <span class='ocrx_word' id='word_1_80' title='bbox 302 505 477 535; x_wconf 81' lang='lat' dir='ltr'><strong>rebellantes</strong></span> <span class='ocrx_word' id='word_1_81' title='bbox 492 506 605 544; x_wconf 90' lang='lat' dir='ltr'><strong>proelio</strong></span> <span class='ocrx_word' id='word_1_82' title='bbox 621 506 696 535; x_wconf 91' lang='lat' dir='ltr'><strong>vicit.</strong></span> 
     </span>
     <span class='ocr_line' id='line_1_13' title="bbox 269 554 779 586; baseline -0.004 -6"><span class='ocrx_word' id='word_1_83' title='bbox 269 557 292 580; x_wconf 85' lang='lat'><strong>9.</strong></span> <span class='ocrx_word' id='word_1_84' title='bbox 312 556 454 585; x_wconf 65' lang='lat' dir='ltr'><strong>honestam]</strong></span> <span class='ocrx_word' id='word_1_85' title='bbox 474 555 603 586; x_wconf 64' lang='lat' dir='ltr'><strong>eingesiigt</strong></span> <span class='ocrx_word' id='word_1_86' title='bbox 624 555 686 579; x_wconf 84' lang='lat' dir='ltr'><strong>nach</strong></span> <span class='ocrx_word' id='word_1_87' title='bbox 706 554 779 579; x_wconf 87' lang='lat' dir='ltr'><strong>Jahn.</strong></span> 
     </span>
    </p>
   </div>
   <div class='ocr_carea' id='block_1_5' title="bbox 201 604 1268 727">
    <p class='ocr_par' dir='ltr' id='par_1_5' title="bbox 201 604 1268 727">
     <span class='ocr_line' id='line_1_14' title="bbox 287 604 1266 644; baseline -0.001 -8"><span class='ocrx_word' id='word_1_88' title='bbox 287 609 337 642; x_wconf 81' lang='lat'><strong>54)</strong></span> <span class='ocrx_word' id='word_1_89' title='bbox 355 604 479 644; x_wconf 81' lang='lat' dir='ltr'><strong>‘Bogud&#39;</strong></span> <span class='ocrx_word' id='word_1_90' title='bbox 506 615 612 635; x_wconf 89' lang='lat' dir='ltr'><strong>nomen</strong></span> <span class='ocrx_word' id='word_1_91' title='bbox 636 606 807 640; x_wconf 88' lang='lat' dir='ltr'><strong>barbarum,</strong></span> <span class='ocrx_word' id='word_1_92' title='bbox 835 606 912 644; x_wconf 89' lang='lat' dir='ltr'><strong>quod</strong></span> <span class='ocrx_word' id='word_1_93' title='bbox 936 606 1033 635; x_wconf 90' lang='lat' dir='ltr'><strong>Livius</strong></span> <span class='ocrx_word' id='word_1_94' title='bbox 1055 606 1084 635; x_wconf 92' lang='lat' dir='ltr'><strong>in</strong></span> <span class='ocrx_word' id='word_1_95' title='bbox 1107 606 1266 635; x_wconf 88' lang='lat' dir='ltr'><strong>centesimo</strong></span> 
     </span>
     <span class='ocr_line' id='line_1_15' title="bbox 202 645 1268 687; baseline 0 -9"><span class='ocrx_word' id='word_1_96' title='bbox 202 654 304 687; x_wconf 88' lang='lat' dir='ltr'><strong>quarto</strong></span> <span class='ocrx_word' id='word_1_97' title='bbox 321 649 433 678; x_wconf 86' lang='lat' dir='ltr'><strong>decimo</strong></span> <span class='ocrx_word' id='word_1_98' title='bbox 450 648 603 677; x_wconf 82' lang='lat' dir='ltr'><strong>declinavit</strong></span> <span class='ocrx_word' id='word_1_99' title='bbox 616 645 777 686; x_wconf 77' lang='lat' dir='ltr'><strong>‘Bogudis’.</strong></span> <span class='ocrx_word' id='word_1_100' title='bbox 810 647 951 677; x_wconf 71' lang='lat' dir='ltr'><strong>Priscian.</strong></span> <span class='ocrx_word' id='word_1_101' title='bbox 968 650 1033 677; x_wconf 73' lang='lat' dir='ltr'><strong>inst.</strong></span> <span class='ocrx_word' id='word_1_102' title='bbox 1044 658 1165 686; x_wconf 72' lang='lat' dir='ltr'><strong>qramm.</strong></span> <span class='ocrx_word' id='word_1_103' title='bbox 1182 648 1202 677; x_wconf 92' lang='lat' dir='ltr'>V</span> <span class='ocrx_word' id='word_1_104' title='bbox 1222 650 1268 684; x_wconf 81' lang='grc'><strong>10,</strong></span> 
     </span>
     <span class='ocr_line' id='line_1_16' title="bbox 201 689 1038 727; baseline -0.001 -8"><span class='ocrx_word' id='word_1_105' title='bbox 201 690 230 719; x_wconf 91' lang='lat' dir='ltr'><strong>S.</strong></span> <span class='ocrx_word' id='word_1_106' title='bbox 249 692 308 721; x_wconf 84' lang='grc'><strong>643</strong></span> <span class='ocrx_word' id='word_1_107' title='bbox 327 690 358 719; x_wconf 92' lang='grc' dir='ltr'><strong>Ρ.</strong></span> <span class='ocrx_word' id='word_1_108' title='bbox 378 693 404 725; x_wconf 88' lang='grc'><strong>1,</strong></span> <span class='ocrx_word' id='word_1_109' title='bbox 421 690 449 718; x_wconf 92' lang='lat' dir='ltr'><strong>S.</strong></span> <span class='ocrx_word' id='word_1_110' title='bbox 470 691 538 725; x_wconf 75' lang='lat'><strong>146,</strong></span> <span class='ocrx_word' id='word_1_111' title='bbox 558 691 595 720; x_wconf 83' lang='lat'><strong>18</strong></span> <span class='ocrx_word' id='word_1_112' title='bbox 612 689 680 718; x_wconf 78' lang='lat' dir='ltr'><strong>th.</strong></span> <span class='ocrx_word' id='word_1_113' title='bbox 716 689 774 727; x_wconf 69' lang='lat' dir='ltr'><em>Vyl.</em></span> <span class='ocrx_word' id='word_1_114' title='bbox 791 689 905 727; x_wconf 74' lang='lat' dir='ltr'><strong>Fraym.</strong></span> <span class='ocrx_word' id='word_1_115' title='bbox 923 692 971 720; x_wconf 78' lang='lat'><strong>47.</strong></span> <span class='ocrx_word' id='word_1_116' title='bbox 989 692 1038 720; x_wconf 77' lang='lat'><strong>49.</strong></span> 
     </span>
    </p>
   </div>
   <div class='ocr_carea' id='block_1_6' title="bbox 201 748 1268 1040">
    <p class='ocr_par' dir='ltr' id='par_1_6' title="bbox 201 748 1268 1040">
     <span class='ocr_line' id='line_1_17' title="bbox 287 748 1266 787; baseline -0.001 -9"><span class='ocrx_word' id='word_1_117' title='bbox 287 751 358 785; x_wconf 82' lang='grc'>*55)</span> <span class='ocrx_word' id='word_1_118' title='bbox 378 771 383 777; x_wconf 94' lang='grc'><em>.</em></span> <span class='ocrx_word' id='word_1_119' title='bbox 398 771 403 777; x_wconf 92' lang='grc'>.</span> <span class='ocrx_word' id='word_1_120' title='bbox 419 771 425 776; x_wconf 96' lang='grc'><em>.</em></span> <span class='ocrx_word' id='word_1_121' title='bbox 439 754 570 786; x_wconf 89' lang='lat' dir='ltr'><strong>optarem</strong></span> <span class='ocrx_word' id='word_1_122' title='bbox 584 749 654 777; x_wconf 91' lang='lat' dir='ltr'><strong>illud</strong></span> <span class='ocrx_word' id='word_1_123' title='bbox 667 749 737 777; x_wconf 93' lang='lat' dir='ltr'><strong>mihi</strong></span> <span class='ocrx_word' id='word_1_124' title='bbox 752 748 931 786; x_wconf 79' lang='lat' dir='ltr'><strong>contingere,</strong></span> <span class='ocrx_word' id='word_1_125' title='bbox 949 749 1026 787; x_wconf 89' lang='lat' dir='ltr'><strong>quod</strong></span> <span class='ocrx_word' id='word_1_126' title='bbox 1039 749 1071 777; x_wconf 91' lang='lat' dir='ltr'><strong>T.</strong></span> <span class='ocrx_word' id='word_1_127' title='bbox 1085 748 1184 777; x_wconf 89' lang='lat' dir='ltr'><strong>Livius</strong></span> <span class='ocrx_word' id='word_1_128' title='bbox 1196 749 1266 777; x_wconf 90' lang='lat' dir='ltr'><strong>scri-</strong></span> 
     </span>
     <span class='ocr_line' id='line_1_18' title="bbox 201 787 1267 829; baseline -0.002 -8"><span class='ocrx_word' id='word_1_129' title='bbox 201 792 242 821; x_wconf 87' lang='lat' dir='ltr'><strong>bit</strong></span> <span class='ocrx_word' id='word_1_130' title='bbox 259 792 294 821; x_wconf 92' lang='lat' dir='ltr'><strong>de</strong></span> <span class='ocrx_word' id='word_1_131' title='bbox 311 791 438 820; x_wconf 85' lang='lat' dir='ltr'><strong>Catone:</strong></span> <span class='ocrx_word' id='word_1_132' title='bbox 453 787 549 819; x_wconf 85' lang='lat' dir='ltr'><strong>‘cuius</strong></span> <span class='ocrx_word' id='word_1_133' title='bbox 566 791 674 829; x_wconf 84' lang='lat' dir='ltr'><strong>gloriae</strong></span> <span class='ocrx_word' id='word_1_134' title='bbox 697 800 791 829; x_wconf 91' lang='lat' dir='ltr'><strong>neque</strong></span> <span class='ocrx_word' id='word_1_135' title='bbox 815 790 926 828; x_wconf 79' lang='lat' dir='ltr'><strong>profuit</strong></span> <span class='ocrx_word' id='word_1_136' title='bbox 951 790 1102 829; x_wconf 90' lang='lat' dir='ltr'><strong>quisquam</strong></span> <span class='ocrx_word' id='word_1_137' title='bbox 1124 790 1267 819; x_wconf 87' lang='lat' dir='ltr'><strong>laudando</strong></span> 
     </span>
     <span class='ocr_line' id='line_1_19' title="bbox 202 832 1268 872; baseline -0.002 -9"><span class='ocrx_word' id='word_1_138' title='bbox 202 844 256 863; x_wconf 92' lang='lat' dir='ltr'><strong>nec</strong></span> <span class='ocrx_word' id='word_1_139' title='bbox 272 833 590 872; x_wconf 82' lang='lat' dir='ltr'><strong>vituperando&#39;nocuit‚</strong></span> <span class='ocrx_word' id='word_1_140' title='bbox 608 842 674 862; x_wconf 91' lang='lat' dir='ltr'><strong>cum</strong></span> <span class='ocrx_word' id='word_1_141' title='bbox 692 838 848 871; x_wconf 88' lang='lat' dir='ltr'><strong>utrumque</strong></span> <span class='ocrx_word' id='word_1_142' title='bbox 867 833 989 861; x_wconf 89' lang='lat' dir='ltr'><strong>summis</strong></span> <span class='ocrx_word' id='word_1_143' title='bbox 1005 833 1126 871; x_wconf 90' lang='lat' dir='ltr'><strong>praediti</strong></span> <span class='ocrx_word' id='word_1_144' title='bbox 1146 832 1268 862; x_wconf 79' lang='lat' dir='ltr'><strong>fecerint</strong></span> 
     </span>
     <span class='ocr_line' id='line_1_20' title="bbox 202 873 1266 914; baseline -0.002 -9"><span class='ocrx_word' id='word_1_145' title='bbox 202 873 348 914; x_wconf 82' lang='lat' dir='ltr'><strong>ingeniis&#39;.</strong></span> <span class='ocrx_word' id='word_1_146' title='bbox 373 875 515 912; x_wconf 79' lang='lat' dir='ltr'><strong>significat</strong></span> <span class='ocrx_word' id='word_1_147' title='bbox 531 879 625 904; x_wconf 87' lang='lat' dir='ltr'><strong>autem</strong></span> <span class='ocrx_word' id='word_1_148' title='bbox 640 875 676 903; x_wconf 88' lang='lat' dir='ltr'><strong>M.</strong></span> <span class='ocrx_word' id='word_1_149' title='bbox 690 874 861 904; x_wconf 88' lang='lat' dir='ltr'><strong>Ciceronem</strong></span> <span class='ocrx_word' id='word_1_150' title='bbox 878 879 905 903; x_wconf 89' lang='lat' dir='ltr'><strong>et</strong></span> <span class='ocrx_word' id='word_1_151' title='bbox 918 874 948 903; x_wconf 84' lang='lat' dir='ltr'><strong>C.</strong></span> <span class='ocrx_word' id='word_1_152' title='bbox 962 874 1122 909; x_wconf 87' lang='lat' dir='ltr'><strong>Caesarem,</strong></span> <span class='ocrx_word' id='word_1_153' title='bbox 1142 884 1266 913; x_wconf 90' lang='lat' dir='ltr'><strong>quorum</strong></span> 
     </span>
     <span class='ocr_line' id='line_1_21' title="bbox 202 916 1267 956; baseline -0.002 -9"><span class='ocrx_word' id='word_1_154' title='bbox 202 918 273 947; x_wconf 85' lang='lat' dir='ltr'><strong>alter</strong></span> <span class='ocrx_word' id='word_1_155' title='bbox 290 918 399 951; x_wconf 83' lang='lat' dir='ltr'><strong>laudes,</strong></span> <span class='ocrx_word' id='word_1_156' title='bbox 418 917 490 946; x_wconf 82' lang='lat' dir='ltr'><strong>alter</strong></span> <span class='ocrx_word' id='word_1_157' title='bbox 507 917 735 956; x_wconf 87' lang='lat' dir='ltr'><strong>vituperationes</strong></span> <span class='ocrx_word' id='word_1_158' title='bbox 752 926 839 955; x_wconf 87' lang='lat' dir='ltr'><strong>supra</strong></span> <span class='ocrx_word' id='word_1_159' title='bbox 857 916 926 945; x_wconf 90' lang='lat' dir='ltr'><strong>dicti</strong></span> <span class='ocrx_word' id='word_1_160' title='bbox 944 917 1060 955; x_wconf 81' lang='lat' dir='ltr'><strong>scripsit</strong></span> <span class='ocrx_word' id='word_1_161' title='bbox 1074 917 1135 946; x_wconf 90' lang='lat' dir='ltr'><strong>viri.</strong></span> <span class='ocrx_word' id='word_1_162' title='bbox 1163 916 1267 946; x_wconf 80' lang='lat' dir='ltr'><strong>Hiero-</strong></span> 
     </span>
     <span class='ocr_line' id='line_1_22' title="bbox 201 958 1267 998; baseline -0.002 -9"><span class='ocrx_word' id='word_1_163' title='bbox 201 970 280 998; x_wconf 73' lang='lat' dir='ltr'><strong>uym.</strong></span> <span class='ocrx_word' id='word_1_164' title='bbox 302 960 339 989; x_wconf 82' lang='lat' dir='ltr'><strong>ad</strong></span> <span class='ocrx_word' id='word_1_165' title='bbox 356 959 567 989; x_wconf 75' lang='lat' dir='ltr'><strong>Pammachium</strong></span> <span class='ocrx_word' id='word_1_166' title='bbox 588 959 662 997; x_wconf 78' lang='lat' dir='ltr'><strong>prol.</strong></span> <span class='ocrx_word' id='word_1_167' title='bbox 686 959 732 988; x_wconf 73' lang='lat' dir='ltr'><strong>lib.</strong></span> <span class='ocrx_word' id='word_1_168' title='bbox 749 959 772 987; x_wconf 97' lang='lat' dir='ltr'><strong>ll</strong></span> <span class='ocrx_word' id='word_1_169' title='bbox 791 961 821 987; x_wconf 75' lang='lat' dir='ltr'><strong>in</strong></span> <span class='ocrx_word' id='word_1_170' title='bbox 838 958 968 993; x_wconf 83' lang='lat' dir='ltr'><strong>Hoseam,</strong></span> <span class='ocrx_word' id='word_1_171' title='bbox 986 959 1020 988; x_wconf 90' lang='lat' dir='ltr'><strong>Vl</strong></span> <span class='ocrx_word' id='word_1_172' title='bbox 1038 959 1066 989; x_wconf 89' lang='lat' dir='ltr'><strong>S.</strong></span> <span class='ocrx_word' id='word_1_173' title='bbox 1086 961 1123 989; x_wconf 82' lang='lat'><strong>54</strong></span> <span class='ocrx_word' id='word_1_174' title='bbox 1149 958 1267 988; x_wconf 83' lang='lat' dir='ltr'><strong>Vallars.</strong></span> 
     </span>
     <span class='ocr_line' id='line_1_23' title="bbox 206 1001 883 1040; baseline -0.001 -10"><span class='ocrx_word' id='word_1_175' title='bbox 206 1002 265 1040; x_wconf 73' lang='lat' dir='ltr'><strong>Vql.</strong></span> <span class='ocrx_word' id='word_1_176' title='bbox 286 1002 390 1032; x_wconf 84' lang='lat' dir='ltr'><strong>Comm.</strong></span> <span class='ocrx_word' id='word_1_177' title='bbox 407 1001 491 1031; x_wconf 78' lang='lat' dir='ltr'><strong>Bern.</strong></span> <span class='ocrx_word' id='word_1_178' title='bbox 509 1002 545 1030; x_wconf 84' lang='lat' dir='ltr'><strong>ad</strong></span> <span class='ocrx_word' id='word_1_179' title='bbox 561 1001 625 1030; x_wconf 77' lang='lat' dir='ltr'><strong>Luc.</strong></span> <span class='ocrx_word' id='word_1_180' title='bbox 645 1001 742 1030; x_wconf 82' lang='lat' dir='ltr'><strong>Phars.</strong></span> <span class='ocrx_word' id='word_1_181' title='bbox 761 1001 795 1029; x_wconf 95' lang='lat' dir='ltr'><strong>Vl</strong></span> <span class='ocrx_word' id='word_1_182' title='bbox 812 1001 883 1031; x_wconf 74' lang='lat'>787.</span> 
     </span>
    </p>
   </div>
   <div class='ocr_carea' id='block_1_7' title="bbox 202 1083 1293 1640">
    <p class='ocr_par' dir='ltr' id='par_1_7' title="bbox 456 1083 1016 1150">
     <span class='ocr_line' id='line_1_24' title="bbox 664 1083 810 1108; baseline -0.007 -1"><span class='ocrx_word' id='word_1_183' title='bbox 664 1083 726 1108; x_wconf 74' lang='grc' dir='ltr'><strong>ΗΒ.</strong></span> <span class='ocrx_word' id='word_1_184' title='bbox 747 1083 810 1107; x_wconf 76' lang='lat' dir='ltr'><strong>CXV</strong></span> 
     </span>
     <span class='ocr_line' id='line_1_25' title="bbox 456 1120 1016 1150; baseline -0.004 -4"><span class='ocrx_word' id='word_1_185' title='bbox 456 1122 510 1150; x_wconf 72' lang='lat' dir='ltr'><strong>QVI</strong></span> <span class='ocrx_word' id='word_1_186' title='bbox 530 1121 589 1146; x_wconf 85' lang='lat' dir='ltr'><strong>EST</strong></span> <span class='ocrx_word' id='word_1_187' title='bbox 610 1120 719 1145; x_wconf 88' lang='lat' dir='ltr'><strong>ClVlLlS</strong></span> <span class='ocrx_word' id='word_1_188' title='bbox 738 1121 827 1145; x_wconf 87' lang='lat' dir='ltr'>BELLI</span> <span class='ocrx_word' id='word_1_189' title='bbox 847 1120 1016 1145; x_wconf 82' lang='lat' dir='ltr'>SEPTIMVS.</span> 
     </span>
    </p>

    <p class='ocr_par' dir='ltr' id='par_1_8' title="bbox 202 1163 1293 1581">
     <span class='ocr_line' id='line_1_26' title="bbox 287 1163 1268 1202; baseline -0.001 -9"><span class='ocrx_word' id='word_1_190' title='bbox 287 1174 423 1194; x_wconf 60' lang='lat' dir='ltr'><strong>inamoena</strong></span> <span class='ocrx_word' id='word_1_191' title='bbox 446 1174 499 1193; x_wconf 79' lang='lat' dir='ltr'><strong>Lm.</strong></span> <span class='ocrx_word' id='word_1_192' title='bbox 523 1174 583 1193; x_wconf 81' lang='lat' dir='ltr'><strong>cxv.</strong></span> <span class='ocrx_word' id='word_1_193' title='bbox 627 1164 729 1193; x_wconf 85' lang='lat' dir='ltr'><strong>Caesar</strong></span> <span class='ocrx_word' id='word_1_194' title='bbox 756 1169 892 1202; x_wconf 86' lang='lat' dir='ltr'><strong>quattuor</strong></span> <span class='ocrx_word' id='word_1_195' title='bbox 918 1164 1083 1202; x_wconf 90' lang='lat' dir='ltr'><strong>triumphos</strong></span> <span class='ocrx_word' id='word_1_196' title='bbox 1109 1163 1207 1199; x_wconf 78' lang='lat' dir='ltr'><strong>duxit,</strong></span> <span class='ocrx_word' id='word_1_197' title='bbox 1235 1173 1268 1193; x_wconf 82' lang='lat' dir='ltr'><strong>ex</strong></span> 
     </span>
     <span class='ocr_line' id='line_1_27' title="bbox 203 1206 1293 1246; baseline -0.002 -10"><span class='ocrx_word' id='word_1_198' title='bbox 203 1207 303 1242; x_wconf 83' lang='lat' dir='ltr'><strong>Gallia,</strong></span> <span class='ocrx_word' id='word_1_199' title='bbox 319 1217 352 1236; x_wconf 83' lang='lat' dir='ltr'><strong>ex</strong></span> <span class='ocrx_word' id='word_1_200' title='bbox 370 1210 509 1246; x_wconf 70' lang='lat' dir='ltr'><strong>Aegypto,</strong></span> <span class='ocrx_word' id='word_1_201' title='bbox 527 1216 560 1235; x_wconf 83' lang='lat' dir='ltr'><strong>ex</strong></span> <span class='ocrx_word' id='word_1_202' title='bbox 576 1206 670 1235; x_wconf 87' lang='lat' dir='ltr'><strong>Ponto</strong></span> <span class='ocrx_word' id='word_1_203' title='bbox 688 1212 716 1235; x_wconf 90' lang='lat' dir='ltr'><strong>et</strong></span> <span class='ocrx_word' id='word_1_204' title='bbox 732 1206 826 1235; x_wconf 78' lang='lat' dir='ltr'><strong>Africa</strong></span> <span class='ocrx_word' id='word_1_205' title='bbox 840 1215 846 1242; x_wconf 93' lang='grc'>;</span> <span class='ocrx_word' id='word_1_206' title='bbox 863 1206 980 1245; x_wconf 90' lang='lat' dir='ltr'><strong>epulum</strong></span> <span class='ocrx_word' id='word_1_207' title='bbox 999 1212 1026 1235; x_wconf 88' lang='lat' dir='ltr'><strong>et</strong></span> <span class='ocrx_word' id='word_1_208' title='bbox 1042 1206 1136 1235; x_wconf 86' lang='lat' dir='ltr'><strong>omnis</strong></span> <span class='ocrx_word' id='word_1_209' title='bbox 1152 1206 1268 1243; x_wconf 86' lang='lat' dir='ltr'><strong>generis</strong></span> <span class='ocrx_word' id='word_1_210' title='bbox 1288 1239 1293 1243; x_wconf 38' lang='grc' dir='ltr'>Ι</span> 
     </span>
     <span class='ocr_line' id='line_1_28' title="bbox 203 1248 1267 1288; baseline -0.001 -10"><span class='ocrx_word' id='word_1_211' title='bbox 203 1249 366 1288; x_wconf 83' lang='lat' dir='ltr'><strong>spectacula</strong></span> <span class='ocrx_word' id='word_1_212' title='bbox 383 1250 469 1278; x_wconf 88' lang='lat' dir='ltr'><strong>dedit.</strong></span> <span class='ocrx_word' id='word_1_213' title='bbox 504 1249 540 1277; x_wconf 85' lang='lat' dir='ltr'><strong>M.</strong></span> <span class='ocrx_word' id='word_1_214' title='bbox 558 1248 692 1277; x_wconf 82' lang='lat' dir='ltr'><strong>Marcello</strong></span> <span class='ocrx_word' id='word_1_215' title='bbox 709 1248 854 1277; x_wconf 86' lang='lat' dir='ltr'><strong>consulari</strong></span> <span class='ocrx_word' id='word_1_216' title='bbox 871 1253 973 1277; x_wconf 83' lang='lat' dir='ltr'><strong>senatu</strong></span> <span class='ocrx_word' id='word_1_217' title='bbox 996 1254 1116 1286; x_wconf 78' lang='lat' dir='ltr'><strong>rogante</strong></span> <span class='ocrx_word' id='word_1_218' title='bbox 1142 1248 1267 1277; x_wconf 87' lang='lat' dir='ltr'><strong>reditum</strong></span> 
     </span>
     <span class='ocr_line' id='line_1_29' title="bbox 204 1289 1267 1329; baseline -0.001 -9"><span class='ocrx_word' id='word_1_219' title='bbox 204 1292 363 1326; x_wconf 76' lang='lat' dir='ltr'><strong>concessit3</strong></span> <span class='ocrx_word' id='word_1_220' title='bbox 387 1301 446 1329; x_wconf 87' lang='lat' dir='ltr'><strong>quo</strong></span> <span class='ocrx_word' id='word_1_221' title='bbox 469 1291 610 1320; x_wconf 81' lang='lat' dir='ltr'><strong>beneficio</strong></span> <span class='ocrx_word' id='word_1_222' title='bbox 634 1291 695 1320; x_wconf 86' lang='lat' dir='ltr'><strong>eius</strong></span> <span class='ocrx_word' id='word_1_223' title='bbox 711 1290 863 1319; x_wconf 82' lang='lat' dir='ltr'><strong>Marcellus</strong></span> <span class='ocrx_word' id='word_1_224' title='bbox 886 1290 940 1319; x_wconf 83' lang='lat' dir='ltr'><strong>frui</strong></span> <span class='ocrx_word' id='word_1_225' title='bbox 967 1299 1026 1319; x_wconf 90' lang='lat' dir='ltr'><strong>non</strong></span> <span class='ocrx_word' id='word_1_226' title='bbox 1050 1290 1159 1328; x_wconf 81' lang='lat' dir='ltr'><strong>potuit,</strong></span> <span class='ocrx_word' id='word_1_227' title='bbox 1183 1300 1197 1319; x_wconf 84' lang='lat' dir='ltr'><strong>a</strong></span> <span class='ocrx_word' id='word_1_228' title='bbox 1215 1289 1267 1319; x_wconf 87' lang='lat' dir='ltr'><strong>Cn.</strong></span> 
     </span>
     <span class='ocr_line' id='line_1_30' title="bbox 202 1332 1267 1372; baseline -0.001 -10"><span class='ocrx_word' id='word_1_229' title='bbox 202 1334 313 1372; x_wconf 81' lang='lat' dir='ltr'><strong>Magio,</strong></span> <span class='ocrx_word' id='word_1_230' title='bbox 339 1333 444 1362; x_wconf 86' lang='lat' dir='ltr'><strong>cliente</strong></span> <span class='ocrx_word' id='word_1_231' title='bbox 460 1343 529 1367; x_wconf 84' lang='lat' dir='ltr'><strong>suo,</strong></span> <span class='ocrx_word' id='word_1_232' title='bbox 547 1333 668 1362; x_wconf 82' lang='lat' dir='ltr'><strong>Athenis</strong></span> <span class='ocrx_word' id='word_1_233' title='bbox 685 1333 807 1362; x_wconf 88' lang='lat' dir='ltr'><strong>occisus.</strong></span> <span class='ocrx_word' id='word_1_234' title='bbox 839 1342 991 1361; x_wconf 83' lang='lat' dir='ltr'><strong>recensum</strong></span> <span class='ocrx_word' id='word_1_235' title='bbox 1009 1332 1083 1370; x_wconf 83' lang='lat' dir='ltr'><strong>egit,</strong></span> <span class='ocrx_word' id='word_1_236' title='bbox 1108 1342 1165 1371; x_wconf 90' lang='lat' dir='ltr'><strong>quo</strong></span> <span class='ocrx_word' id='word_1_237' title='bbox 1182 1342 1267 1361; x_wconf 87' lang='lat' dir='ltr'><strong>censa</strong></span> 
     </span>
     <span class='ocr_line' id='line_1_31' title="bbox 203 1374 1267 1414; baseline -0.001 -10"><span class='ocrx_word' id='word_1_238' title='bbox 203 1381 272 1405; x_wconf 86' lang='lat' dir='ltr'><strong>sunt</strong></span> <span class='ocrx_word' id='word_1_239' title='bbox 288 1376 391 1404; x_wconf 89' lang='lat' dir='ltr'><strong>civium</strong></span> <span class='ocrx_word' id='word_1_240' title='bbox 408 1376 499 1414; x_wconf 79' lang='lat' dir='ltr'><strong>capita</strong></span> <span class='ocrx_word' id='word_1_241' title='bbox 517 1380 634 1404; x_wconf 81' lang='lat' dir='ltr'><strong>centum</strong></span> <span class='ocrx_word' id='word_1_242' title='bbox 658 1375 867 1413; x_wconf 83' lang='lat' dir='ltr'><strong>quinquaginta</strong></span> <span class='ocrx_word' id='word_1_243' title='bbox 892 1375 979 1403; x_wconf 88' lang='lat' dir='ltr'><strong>milia.</strong></span> <span class='ocrx_word' id='word_1_244' title='bbox 1014 1375 1221 1413; x_wconf 80' lang='lat' dir='ltr'><strong>profectusque</strong></span> <span class='ocrx_word' id='word_1_245' title='bbox 1237 1374 1267 1403; x_wconf 89' lang='lat' dir='ltr'><strong>in</strong></span> 
     </span>
     <span class='ocr_line' id='line_1_32' title="bbox 204 1416 1267 1457; baseline -0.002 -10"><span class='ocrx_word' id='word_1_246' title='bbox 204 1418 373 1457; x_wconf 83' lang='lat' dir='ltr'><strong>Hispaniam</strong></span> <span class='ocrx_word' id='word_1_247' title='bbox 390 1418 525 1446; x_wconf 87' lang='lat' dir='ltr'><strong>adversus</strong></span> <span class='ocrx_word' id='word_1_248' title='bbox 537 1417 588 1446; x_wconf 82' lang='lat' dir='ltr'><strong>Cn.</strong></span> <span class='ocrx_word' id='word_1_249' title='bbox 602 1417 783 1455; x_wconf 82' lang='lat' dir='ltr'><strong>Pompeium,</strong></span> <span class='ocrx_word' id='word_1_250' title='bbox 800 1416 900 1445; x_wconf 88' lang='lat' dir='ltr'><strong>multis</strong></span> <span class='ocrx_word' id='word_1_251' title='bbox 916 1417 1063 1455; x_wconf 85' lang='lat' dir='ltr'><strong>utrimque</strong></span> <span class='ocrx_word' id='word_1_252' title='bbox 1076 1416 1267 1455; x_wconf 85' lang='lat' dir='ltr'><strong>expeditioni-</strong></span> 
     </span>
     <span class='ocr_line' id='line_1_33' title="bbox 204 1459 1267 1498; baseline -0.002 -9"><span class='ocrx_word' id='word_1_253' title='bbox 204 1461 258 1489; x_wconf 90' lang='lat' dir='ltr'><strong>bus</strong></span> <span class='ocrx_word' id='word_1_254' title='bbox 274 1460 355 1489; x_wconf 81' lang='lat' dir='ltr'><strong>lactis</strong></span> <span class='ocrx_word' id='word_1_255' title='bbox 372 1464 399 1488; x_wconf 87' lang='lat' dir='ltr'><strong>et</strong></span> <span class='ocrx_word' id='word_1_256' title='bbox 414 1460 525 1498; x_wconf 85' lang='lat' dir='ltr'><strong>aliquot</strong></span> <span class='ocrx_word' id='word_1_257' title='bbox 542 1459 664 1488; x_wconf 89' lang='lat' dir='ltr'><strong>urbibus</strong></span> <span class='ocrx_word' id='word_1_258' title='bbox 681 1459 853 1497; x_wconf 80' lang='lat' dir='ltr'><strong>expugnatis</strong></span> <span class='ocrx_word' id='word_1_259' title='bbox 876 1468 1017 1487; x_wconf 88' lang='lat' dir='ltr'><strong>summam</strong></span> <span class='ocrx_word' id='word_1_260' title='bbox 1035 1459 1184 1487; x_wconf 86' lang='lat' dir='ltr'><strong>victoriam</strong></span> <span class='ocrx_word' id='word_1_261' title='bbox 1202 1467 1267 1487; x_wconf 90' lang='lat' dir='ltr'><strong>cum</strong></span> 
     </span>
     <span class='ocr_line' id='line_1_34' title="bbox 204 1501 1268 1540; baseline -0.002 -9"><span class='ocrx_word' id='word_1_262' title='bbox 204 1512 309 1540; x_wconf 87' lang='lat' dir='ltr'><strong>magno</strong></span> <span class='ocrx_word' id='word_1_263' title='bbox 327 1501 494 1531; x_wconf 84' lang='lat' dir='ltr'><strong>discrimine</strong></span> <span class='ocrx_word' id='word_1_264' title='bbox 511 1502 543 1530; x_wconf 93' lang='lat' dir='ltr'><strong>ad</strong></span> <span class='ocrx_word' id='word_1_265' title='bbox 561 1501 697 1530; x_wconf 88' lang='lat' dir='ltr'><strong>Mundam</strong></span> <span class='ocrx_word' id='word_1_266' title='bbox 716 1501 816 1530; x_wconf 82' lang='lat' dir='ltr'><strong>urbem</strong></span> <span class='ocrx_word' id='word_1_267' title='bbox 834 1506 1009 1529; x_wconf 86' lang='lat' dir='ltr'><strong>consecutus</strong></span> <span class='ocrx_word' id='word_1_268' title='bbox 1025 1506 1076 1530; x_wconf 90' lang='lat' dir='ltr'><strong>est.</strong></span> <span class='ocrx_word' id='word_1_269' title='bbox 1110 1501 1268 1539; x_wconf 87' lang='lat' dir='ltr'><strong>Pompeius</strong></span> 
     </span>
     <span class='ocr_line' id='line_1_35' title="bbox 206 1544 397 1581; baseline -0.005 -8"><span class='ocrx_word' id='word_1_270' title='bbox 206 1546 270 1573; x_wconf 76' lang='lat' dir='ltr'><strong>Sex.</strong></span> <span class='ocrx_word' id='word_1_271' title='bbox 289 1544 397 1581; x_wconf 81' lang='lat' dir='ltr'><strong>effugit.</strong></span> 
     </span>
    </p>

    <p class='ocr_par' dir='ltr' id='par_1_9' title="bbox 290 1601 1266 1640">
     <span class='ocr_line' id='line_1_36' title="bbox 290 1601 1266 1640; baseline -0.002 -9"><span class='ocrx_word' id='word_1_272' title='bbox 290 1606 304 1622; x_wconf 89' lang='lat'><strong><em>*</em></strong></span> <span class='ocrx_word' id='word_1_273' title='bbox 325 1603 366 1640; x_wconf 79' lang='lat' dir='ltr'><strong>[C.</strong></span> <span class='ocrx_word' id='word_1_274' title='bbox 384 1602 472 1631; x_wconf 90' lang='lat' dir='ltr'><strong>lulius</strong></span> <span class='ocrx_word' id='word_1_275' title='bbox 489 1602 592 1631; x_wconf 84' lang='lat' dir='ltr'><strong>Caesar</strong></span> <span class='ocrx_word' id='word_1_276' title='bbox 615 1607 748 1640; x_wconf 87' lang='lat' dir='ltr'><strong>quartum</strong></span> <span class='ocrx_word' id='word_1_277' title='bbox 774 1607 799 1630; x_wconf 87' lang='lat' dir='ltr'><strong>ct</strong></span> <span class='ocrx_word' id='word_1_278' title='bbox 824 1601 929 1630; x_wconf 78' lang='lat' dir='ltr'><strong>Fabius</strong></span> <span class='ocrx_word' id='word_1_279' title='bbox 952 1601 1099 1630; x_wconf 83' lang='lat' dir='ltr'><strong>Maximus.</strong></span> <span class='ocrx_word' id='word_1_280' title='bbox 1131 1601 1175 1630; x_wconf 81' lang='lat' dir='ltr'><strong>his</strong></span> <span class='ocrx_word' id='word_1_281' title='bbox 1197 1610 1266 1629; x_wconf 89' lang='lat' dir='ltr'><strong>con-</strong></span> 
     </span>
    </p>
   </div>
   <div class='ocr_carea' id='block_1_8' title="bbox 204 1643 1266 1722">
    <p class='ocr_par' dir='ltr' id='par_1_10' title="bbox 204 1643 1266 1722">
     <span class='ocr_line' id='line_1_37' title="bbox 205 1643 1266 1682; baseline -0.003 -8"><span class='ocrx_word' id='word_1_282' title='bbox 205 1645 316 1674; x_wconf 85' lang='lat' dir='ltr'><strong>sulibus</strong></span> <span class='ocrx_word' id='word_1_283' title='bbox 330 1645 359 1674; x_wconf 82' lang='lat' dir='ltr'><strong>C.</strong></span> <span class='ocrx_word' id='word_1_284' title='bbox 373 1645 464 1673; x_wconf 90' lang='lat' dir='ltr'><strong>Iulius</strong></span> <span class='ocrx_word' id='word_1_285' title='bbox 477 1644 580 1673; x_wconf 86' lang='lat' dir='ltr'><strong>Caesar</strong></span> <span class='ocrx_word' id='word_1_286' title='bbox 597 1654 649 1682; x_wconf 85' lang='lat' dir='ltr'><strong>per</strong></span> <span class='ocrx_word' id='word_1_287' title='bbox 662 1644 854 1682; x_wconf 83' lang='lat' dir='ltr'><strong>quadriduum</strong></span> <span class='ocrx_word' id='word_1_288' title='bbox 869 1643 1053 1681; x_wconf 82' lang='lat' dir='ltr'><strong>triumphavit</strong></span> <span class='ocrx_word' id='word_1_289' title='bbox 1065 1647 1101 1677; x_wconf 87' lang='lat' dir='ltr'><strong>(a.</strong></span> <span class='ocrx_word' id='word_1_290' title='bbox 1115 1652 1141 1672; x_wconf 91' lang='lat' dir='ltr'><strong>u.</strong></span> <span class='ocrx_word' id='word_1_291' title='bbox 1156 1653 1179 1672; x_wconf 90' lang='lat' dir='ltr'><strong>c.</strong></span> <span class='ocrx_word' id='word_1_292' title='bbox 1189 1644 1266 1678; x_wconf 76' lang='lat'>709;</span> 
     </span>
     <span class='ocr_line' id='line_1_38' title="bbox 204 1686 718 1722; baseline -0.004 -6"><span class='ocrx_word' id='word_1_293' title='bbox 204 1697 228 1716; x_wconf 80' lang='lat' dir='ltr'><strong>a.</strong></span> <span class='ocrx_word' id='word_1_294' title='bbox 247 1687 312 1716; x_wconf 88' lang='lat' dir='ltr'><strong>Chr.</strong></span> <span class='ocrx_word' id='word_1_295' title='bbox 331 1697 358 1715; x_wconf 91' lang='lat' dir='ltr'><strong>n.</strong></span> <span class='ocrx_word' id='word_1_296' title='bbox 377 1689 438 1722; x_wconf 76' lang='lat'>45).</span> <span class='ocrx_word' id='word_1_297' title='bbox 472 1686 595 1716; x_wconf 77' lang='lat' dir='ltr'><strong>Cassiod.</strong></span> <span class='ocrx_word' id='word_1_298' title='bbox 613 1686 718 1721; x_wconf 58' lang='lat' dir='ltr'><strong>chron]</strong></span> 
     </span>
    </p>
   </div>
   <div class='ocr_carea' id='block_1_9' title="bbox 463 1767 1009 1835">
    <p class='ocr_par' dir='ltr' id='par_1_11' title="bbox 463 1767 1009 1835">
     <span class='ocr_line' id='line_1_39' title="bbox 658 1767 817 1793; baseline -0.013 -1"><span class='ocrx_word' id='word_1_299' title='bbox 658 1768 723 1793; x_wconf 87' lang='lat' dir='ltr'><strong>LlB.</strong></span> <span class='ocrx_word' id='word_1_300' title='bbox 744 1767 817 1792; x_wconf 80' lang='lat' dir='ltr'><strong>cxvl</strong></span> 
     </span>
     <span class='ocr_line' id='line_1_40' title="bbox 463 1805 1009 1835; baseline 0 -6"><span class='ocrx_word' id='word_1_301' title='bbox 463 1806 515 1835; x_wconf 70' lang='lat' dir='ltr'><strong>QVl</strong></span> <span class='ocrx_word' id='word_1_302' title='bbox 535 1806 594 1831; x_wconf 86' lang='lat' dir='ltr'><strong>EST</strong></span> <span class='ocrx_word' id='word_1_303' title='bbox 615 1806 723 1831; x_wconf 85' lang='lat' dir='ltr'><strong>ClVlLlS</strong></span> <span class='ocrx_word' id='word_1_304' title='bbox 744 1806 832 1830; x_wconf 87' lang='lat' dir='ltr'>BELLI</span> <span class='ocrx_word' id='word_1_305' title='bbox 852 1805 1009 1830; x_wconf 72' lang='lat' dir='ltr'><strong>oc&#39;rAVVs.</strong></span> 
     </span>
    </p>
   </div>
   <div class='ocr_carea' id='block_1_10' title="bbox 205 1848 1267 1931">
    <p class='ocr_par' dir='ltr' id='par_1_12' title="bbox 205 1848 1267 1931">
     <span class='ocr_line' id='line_1_41' title="bbox 289 1848 1266 1887; baseline -0.003 -8"><span class='ocrx_word' id='word_1_306' title='bbox 289 1860 425 1879; x_wconf 71' lang='lat' dir='ltr'><strong>PEtttOtIHA</strong></span> <span class='ocrx_word' id='word_1_307' title='bbox 443 1860 496 1878; x_wconf 77' lang='lat' dir='ltr'><strong>mn.</strong></span> <span class='ocrx_word' id='word_1_308' title='bbox 513 1859 584 1878; x_wconf 68' lang='lat' dir='ltr'><strong>cxvi.</strong></span> <span class='ocrx_word' id='word_1_309' title='bbox 616 1850 719 1879; x_wconf 86' lang='lat' dir='ltr'><strong>Caesar</strong></span> <span class='ocrx_word' id='word_1_310' title='bbox 736 1858 767 1878; x_wconf 87' lang='lat' dir='ltr'><strong>ex</strong></span> <span class='ocrx_word' id='word_1_311' title='bbox 782 1849 919 1887; x_wconf 79' lang='lat' dir='ltr'><strong>Hispania</strong></span> <span class='ocrx_word' id='word_1_312' title='bbox 938 1848 1070 1887; x_wconf 87' lang='lat' dir='ltr'><strong>quintum</strong></span> <span class='ocrx_word' id='word_1_313' title='bbox 1088 1849 1266 1887; x_wconf 85' lang='lat' dir='ltr'><strong>triumphum</strong></span> 
     </span>
     <span class='ocr_line' id='line_1_42' title="bbox 205 1890 1267 1931; baseline -0.002 -10"><span class='ocrx_word' id='word_1_314' title='bbox 205 1893 271 1931; x_wconf 82' lang='lat' dir='ltr'><strong>egit.</strong></span> <span class='ocrx_word' id='word_1_315' title='bbox 303 1898 330 1921; x_wconf 90' lang='lat' dir='ltr'><strong>et</strong></span> <span class='ocrx_word' id='word_1_316' title='bbox 346 1902 411 1921; x_wconf 85' lang='lat' dir='ltr'><strong>cum</strong></span> <span class='ocrx_word' id='word_1_317' title='bbox 430 1892 545 1931; x_wconf 88' lang='lat' dir='ltr'><strong>plurimi</strong></span> <span class='ocrx_word' id='word_1_318' title='bbox 561 1892 734 1930; x_wconf 86' lang='lat' dir='ltr'><strong>maximique</strong></span> <span class='ocrx_word' id='word_1_319' title='bbox 750 1891 877 1920; x_wconf 84' lang='lat' dir='ltr'><strong>honores</strong></span> <span class='ocrx_word' id='word_1_320' title='bbox 889 1901 903 1920; x_wconf 90' lang='lat' dir='ltr'><strong>a</strong></span> <span class='ocrx_word' id='word_1_321' title='bbox 918 1895 1017 1920; x_wconf 85' lang='lat' dir='ltr'><strong>senatu</strong></span> <span class='ocrx_word' id='word_1_322' title='bbox 1035 1890 1142 1919; x_wconf 89' lang='lat' dir='ltr'><strong>decreti</strong></span> <span class='ocrx_word' id='word_1_323' title='bbox 1160 1895 1267 1925; x_wconf 83' lang='lat' dir='ltr'><strong>essent,</strong></span> 
     </span>
    </p>
   </div>
   <div class='ocr_carea' id='block_1_11' title="bbox 1320 0 1361 1993">
    <p class='ocr_par' dir='ltr' id='par_1_13' title="bbox 1320 0 1361 1993">
     <span class='ocr_line' id='line_1_43' title="bbox 1320 0 1361 1993; baseline 0 0"><span class='ocrx_word' id='word_1_324' title='bbox 1320 0 1361 1993; x_wconf 95' lang='lat' dir='ltr'><strong> </strong></span> 
     </span>
    </p>
   </div>
  </div>
 </body>
</html>
