1367 2143
451 123 671 149 PRODlGIORVM
692 122 790 149 LlBER.
1094 118 1154 148 207

170 214 209 242 65
233 209 329 251 [1251.
361 211 392 240 1..
416 210 506 240 l'aulo
531 210 560 239 C.
583 209 720 238 Marcello
744 208 916 238 consulibus
940 208 1017 237 mula
1041 207 1157 246 pariens

84 254 258 283 discordiam
276 254 390 287 civium,
408 253 553 282 bonorum
571 252 730 286 interitum,
748 252 940 280 mutationem
958 251 1070 289 legum,
1095 255 1156 278 tur-

84 307 136 335 pes
149 302 350 325 matronarum
364 300 463 334 partus
477 294 659 332 significavit.
688 294 866 327 incendium,
882 303 939 331 quo
952 293 1076 322 maxima
1090 301 1156 330 pars

84 339 165 368 urbis
181 339 273 367 deleta
290 343 342 373 est,
360 337 485 376 prodigii
503 337 566 366 loco
584 336 723 366 habitum.
755 336 832 365 inter
849 337 1000 365 Caesarem
1025 340 1051 364 et
1070 335 1155 363 l'om-

84 381 182 420 peium
199 381 274 410 bella
291 380 382 409 civilia
399 385 508 409 exorta.

174 424 202 452 C.
222 423 341 452 Caesare
366 422 396 451 P.
413 422 535 451 Servilio
559 421 722 451 consulibus
744 421 880 449 adversus
898 420 1048 449 Caesarem
1071 420 1156 447 l'om-

84 466 168 504 peius
192 465 220 494 in
239 465 407 494 Macedonia
432 474 497 493 cum
521 464 628 493 invitus
651 463 858 502 instigantibus
881 463 982 491 amicis
999 463 1157 491 instrueret

84 508 184 540 acicm,
201 517 216 536 a
234 507 413 546 Dyrrhachio
431 506 616 535 venientibus
639 507 757 535 adversa
781 506 899 534 suerunt
925 504 1055 533 fulmina.
1091 513 1157 532 exa-

85 560 150 579 men
175 550 273 587 apium
298 550 326 578 in
344 549 435 587 signis
454 560 469 577 *
490 560 504 576 =t=
524 548 682 586 portendit.
715 548 853 577 nocturni
877 552 1005 576 terrores
1027 547 1055 575 in
1074 555 1157 574 exer-

84 593 143 620 citu
161 593 252 621 l‘uere.
284 592 346 629 ipse
364 591 521 629 Pompeius
538 591 630 628 pridie
651 600 766 628 pugnae
790 590 866 619 diem
892 590 968 618 visus
992 589 1020 618 in
1045 589 1157 618 theatro

84 644 136 663 suo
161 634 272 672 ingenti
291 634 394 672 plausu
417 633 520 671 excipi.
553 642 619 661 mox
642 633 703 661 acie
727 633 820 661 victus
837 632 865 661 iu
884 633 1016 670 Aegypto
1034 631 1156 660 occisus.

84 687 118 705 eo
136 677 198 714 ipso
215 676 260 704 die
279 676 427 714 plerisque
444 676 515 704 locis
532 675 613 712 signa
632 684 682 704 sua
695 680 802 713 sponte
815 684 956 703 conversa
974 685 989 702 *
1006 684 1032 708 *‚
1050 674 1157 702 clamo-

83 728 144 747 rem
161 718 366 756 crepitumque
381 727 531 746 armorum
549 717 720 746 Antiochiae
745 717 789 746 bis
806 722 834 745 ut
860 722 1030 745 curreretur
1046 716 1075 745 in
1094 725 1157 745 mu-

83 771 131 789 ros
147 761 287 794 auditum,
304 759 323 796 †
340 760 467 798 indeque
485 769 590 789 sonum
609 764 815 798 tympanorum
833 759 974 797 Pergami.
1007 758 1100 797 palma
1117 758 1157 786 vi-

84 803 152 832 ridis
175 802 321 832 Trallibus
344 803 372 831 in
397 802 467 831 aede
492 802 636 830 Victoriae
658 802 712 831 suh
736 802 866 831 Caesaris
889 806 982 830 statua
1005 801 1083 829 inter
1109 810 1158 829 co-

83 850 217 883 agmenta
234 845 362 882 lapidum
379 844 580 883 magnitudine
598 849 710 873 matura
728 849 821 873 enata.
851 844 880 873 C.
895 843 1049 872 Cornelius
1065 852 1159 880 augur

84 887 191 916 l'atavii
208 896 242 915 eo
259 887 321 918 die.
347 896 413 916 cum
435 896 500 916 aves
521 887 721 921 admitterent,
746 887 935 925 proclamavit
958 895 1020 915 rein
1043 886 1103 924 geri
1131 891 1157 914 et

83 930 201 959 vincere
219 930 380 958 Caesarem.

169 974 208 1001 66
226 970 323 1011 [126]
355 972 384 1000 C.
409 972 530 1000 Caesare
553 971 589 999 M.
615 971 724 1009 Lepido
748 971 920 1000 consulibus
944 971 1044 999 decem
1068 970 1156 1007 legio-

84 1024 154 1043 num
171 1014 284 1051 aquilae
297 1014 407 1047 Gnaeo,
424 1014 476 1042 Cn.
490 1013 621 1051 Pompeii
638 1013 706 1047 tilio,
724 1022 799 1050 quae
813 1013 934 1042 t'uhnina
951 1013 1101 1047 tenebant,
1119 1012 1159 1040 vi-

83 1067 130 1085 sae
155 1056 300 1085 dimittere
322 1061 350 1084 et
371 1056 399 1084 in
424 1055 548 1085 sublime
572 1056 695 1084 avolare.
727 1055 788 1093 ipse
811 1056 984 1084 adulescens
1002 1055 1159 1093 Pompeius

83 1099 176 1127 rictus
192 1103 220 1127 et
236 1099 354 1136 fugiens
371 1098 494 1127 occisus.

167 1142 206 1171 67
231 1139 328 1180 [1271.
360 1140 388 1169 C.
412 1140 534 1169 Caesare
558 1140 594 1169 M.
612 1140 741 1169 Antonio
764 1140 937 1169 consulibus
960 1140 1074 1169 Caesari
1098 1140 1158 1168 dic-

84 1183 169 1212 latori
197 1188 261 1211 exta
284 1183 347 1211 siue
371 1183 459 1212 eorde
482 1183 608 1211 inventa.
641 1182 798 1220 Calpurnia
816 1192 889 1211 uxor
909 1182 1063 1212 somniavit
1080 1182 1158 1211 sasti-

83 1226 162 1263 gium
175 1225 288 1257 domus,
307 1225 385 1263 quod
402 1230 521 1254 senatus
538 1225 674 1254 consulto
693 1230 754 1254 erat
768 1225 922 1259 adiectum⁷
940 1225 1042 1253 ruisse.
1072 1229 1158 1253 nocte

83 1277 148 1297 cum
168 1267 262 1296 valvae
279 1267 408 1296 cubiculi
424 1267 538 1296 clausae
555 1273 668 1301 essent⁷
692 1277 743 1296 sua
765 1272 871 1306 sponte
892 1272 1009 1306 apertae
1025 1273 1104 1302 sunt,
1121 1267 1159 1296 ita

85 1315 111 1338 ut
131 1311 217 1339 lunae
235 1310 363 1348 fulgore,
381 1310 431 1347 qui
448 1310 526 1338 intro
545 1314 679 1341 venerat.
698 1310 854 1348 Calpurnia
881 1310 1065 1339 excitaretur.
1099 1309 1159 1348 ipse

84 1354 188 1382 tlaesar
203 1352 306 1391 viginti
325 1352 417 1381 tribus
434 1352 607 1381 vulnerilms
624 1352 652 1381 in
670 1352 749 1381 curia
767 1352 946 1391 Pompeiana
962 1362 977 1381 a
998 1352 1159 1381 coniuratis

84 1396 248 1424 confossus.

169 1437 208 1467 tis
226 1435 321 1477 [128]
350 1437 385 1466 M.
403 1437 532 1465 Antonio
557 1437 587 1465 1¹.
605 1437 751 1466 Dolabella
775 1437 948 1466 consulibus
972 1437 1001 1465 C.
1023 1436 1160 1466 Octavius

85 1484 259 1508 testamento
276 1479 406 1508 Caesaris
424 1479 514 1518 patris
531 1479 678 1508 Brundisii
702 1489 732 1508 se
749 1480 777 1508 in
795 1479 897 1508 Iuliam
920 1484 1040 1518 gentem
1063 1479 1158 1508 adsci-

83 1529 144 1551 tum
160 1522 285 1556 amlivit;
310 1531 436 1559 eumque
454 1522 525 1550 hora
542 1522 597 1550 diei
615 1522 698 1550 tertia
722 1522 834 1560 ingenti
859 1522 1036 1551 circumfusa
1060 1522 1157 1550 multi-

84 1565 184 1593 tudine
201 1564 324 1592 Romam
342 1564 473 1598 intraret,
491 1564 533 1593 sol
552 1564 616 1602 puri
634 1574 665 1593 ac
682 1565 779 1593 sereni
798 1565 869 1593 caeli
886 1564 957 1593 orbe
975 1564 1089 1592 modico
1112 1564 1158 1592 in-

84 1607 181 1636 clusus
198 1611 343 1635 extremae
361 1607 454 1635 lineae
472 1607 591 1639 circulo,
610 1607 703 1645 qualis
720 1607 799 1635 tendi
817 1616 902 1636 arcus
920 1607 948 1635 in
965 1606 1093 1636 nubibus
1110 1616 1157 1635 so-

84 1650 130 1683 let,
148 1658 215 1678 cum
232 1649 471 1687 circumscripsit.
503 1649 578 1678 ludis
595 1649 716 1678 Veneris
733 1649 914 1683 Genetricis,
935 1659 1010 1687 quos
1026 1659 1079 1687 pro
1097 1649 1157 1677 col—

84 1692 158 1730 legio
176 1691 242 1720 l‘eeit
254 1715 260 1723 ,
284 1691 365 1720 stella
382 1692 453 1720 hora
471 1692 625 1720 undecima
642 1692 746 1721 crinita
763 1692 818 1720 suh
834 1692 1044 1730 septentrionis
1063 1692 1157 1720 sidere

84 1739 183 1762 exorta
199 1734 342 1763 convertit
361 1734 493 1763 omnium
511 1734 621 1763 oeulos.
650 1735 726 1772 quod
749 1735 829 1763 sidus
852 1734 919 1772 quia
943 1734 1018 1763 ludis
1036 1734 1158 1763 Veneris

84 1776 228 1814 apparuit,
246 1777 309 1805 divo
328 1776 400 1806 Iulio
418 1776 532 1814 insigne
550 1777 652 1815 eapitis
676 1777 843 1806 consecrari
866 1777 983 1814 placuit.
1016 1776 1070 1814 ipsi
1087 1776 1157 1805 Cae-

84 1819 139 1847 sari
157 1824 322 1848 monstrosa
340 1819 519 1857 malignitate
538 1820 656 1848 Antonii
679 1820 810 1848 consulis
833 1819 922 1847 multa
946 1828 1086 1857 perpesso
1106 1828 1156 1857 ge—

86 1870 191 1889 nerosa
208 1861 259 1890 t'uit
277 1862 311 1890 ad
328 1861 524 1891 resistendum
541 1862 715 1891 constantia.
747 1867 841 1890 terrae
865 1866 961 1890 motus
982 1861 1077 1890 crebri
1095 1862 1157 1890 sue-

153 1921 175 1943 6.
196 1920 221 1943 C.
243 1920 352 1943 Caesare
365 1921 391 1944 P.
406 1920 519 1944 Servilio
540 1921 700 1949 consulibus]
720 1920 852 1951 eingestigt
876 1920 939 1944 uach
951 1919 1111 1951 Oudendorp.
1124 1934 1154 1937 —

88 1956 124 1978 125.
135 1952 213 1977 Jalm:
225 1961 323 1978 murus.
332 1968 361 1972 —
369 1956 408 1978 31.
420 1954 549 1979 adscitum
561 1955 674 1983 audivit]
686 1954 749 1979 nach
760 1954 943 1983 Luterbacher3
954 1953 1010 1978 Atd.
1020 1963 1024 1977 :
1036 1954 1155 1977 adscivit.

1181 382 1194 405 5

1183 593 1210 617 to

1183 804 1210 828 15

1183 1016 1211 1040 20

1183 1228 1212 1252 25

1180 1652 1209 1676 35

1180 1865 1208 1888 40
