1367 2143
438 105 494 130 LlB.
514 105 667 131 xxxxvnt.
688 104 850 129 xxxxvlttt
1117 101 1177 130 139

110 197 179 229 erat,
198 192 225 221 in
244 192 384 231 oppidum
401 201 461 220 non
478 191 674 230 recepissent,
692 190 799 220 bellum
817 190 858 219 eis
876 190 972 219 indici.
1007 189 1176 228 priusquam

110 235 185 264 ullae
202 235 303 274 copiae
322 235 350 264 in
369 243 455 264 naves
472 234 702 273 inponerentur,
721 232 873 262 Uticenses
890 232 974 269 legati
992 231 1112 261 Romam
1130 241 1180 261 ve-

111 282 217 306 nerunt
240 286 271 306 se
293 286 403 316 suaque
427 277 523 306 omnia
546 276 693 305 dedentes.
730 284 760 304 ea
778 275 885 313 legatio
902 274 979 304 velut
996 283 1080 303 omen
1099 278 1178 312 grata

110 319 257 359 patribus,
281 320 382 349 acerba
409 318 699 356 Carthaginiensibus
721 318 783 346 l'uit.
819 317 878 346 ludi
902 317 974 355 patri
992 317 1048 346 Diti
1073 317 1106 345 ad
1123 317 1179 355 Ta-

110 368 225 392 rentum
241 372 272 391 ex
287 366 442 401 praecepto
459 361 599 390 librorum
618 360 694 394 sacti,
711 360 760 398 qui
778 364 843 389 ante
858 369 968 388 anuum
987 359 1178 388 centesimum

110 405 204 443 primo
222 404 332 434 Punico
349 404 443 439 belle,
468 402 703 442 quingentesimo
721 406 748 431 et
764 402 855 431 altero
872 411 949 431 anno
966 402 1001 430 ab
1019 401 1091 431 urbe
1108 411 1180 430 con—

109 447 167 476 dita
192 448 258 476 sacti
281 451 371 476 erant.
407 446 492 484 legati
515 445 632 483 triginta
649 444 770 473 Romam
793 449 951 479 venerunt,
976 453 1029 483 per
1053 453 1126 483 quos
1149 453 1179 473 se

111 489 365 527 Carthaginienses
380 488 531 518 dedebant.
562 487 679 516 Catonis
696 487 839 516 sententia
856 487 949 521 evicit,
966 492 996 515 ut
1015 487 1043 515 in
1061 487 1179 515 decreto

111 537 291 570 perstaretur
313 537 339 560 et
365 536 396 560 ut
419 530 555 560 consules
577 539 662 568 quam
681 530 808 568 primum
832 529 866 558 ad
884 529 993 558 bellum
1010 529 1179 568 proficisce-

110 579 220 603 rentur.
256 574 304 612 qui
322 574 369 602 ubi
387 574 416 602 in
434 573 560 602 Africam
577 572 774 607 transierunt,
798 572 940 610 acceptis,
964 581 1037 610 quos
1054 572 1180 610 impera-

110 621 226 651 verant,
256 616 395 645 trecentis
418 615 569 644 obsidibus
592 619 620 643 et
642 615 730 643 armis
758 614 895 643 omnibus
919 614 1180 652 instrumentisque

111 659 194 692 betti,
219 659 242 687 si
259 668 314 696 qua
332 658 507 695 Carthagine
524 662 620 690 erant,
645 666 711 686 cum
729 666 761 685 ex
779 657 950 686 auctoritate
967 661 1080 696 patrum
1099 656 1180 685 iube·

111 706 192 736 rent,
216 706 247 730 ut
265 701 293 729 iu
311 701 399 730 alium
416 700 530 735 locum,
553 700 621 729 (lum
644 709 658 728 a
681 700 753 728 mari
777 699 876 728 decem
893 699 970 728 milia
989 708 1126 738 passuum
1145 708 1181 727 ne

111 744 209 772 minus
225 749 381 777 remotum,
399 743 538 782 oppidum
557 742 758 777 transferrent,
775 742 947 779 indignitate
964 742 1004 771 rei
1021 742 1054 770 ad
1069 741 1181 770 bellan-

111 787 179 815 dum
194 785 448 823 Carthaginienses
461 784 677 823 compulerunt.
702 784 827 813 obsideri
842 784 1066 823 oppugnat-ique
1080 789 1182 822 coepta

112 834 152 857 est
178 828 321 865 Carthago
344 837 358 856 a
382 827 413 856 L.
435 827 543 856 Marcio
567 827 612 856 Μ’.
637 826 754 856 Manilio
777 826 957 855 consulibus.
993 826 1022 855 in
1048 835 1103 864 qua
1128 835 1181 865 op-

112 871 292 910 pugnatione
309 879 374 899 eum
389 870 538 908 neglectos
550 869 585 899 ab
598 878 656 898 una
670 873 752 908 parte
764 878 864 898 muros
877 869 934 898 duo
949 868 1057 898 tribuni
1073 873 1182 897 temere

112 922 177 942 cum
195 913 365 942 cohortibus
381 913 441 941 suis
456 912 637 950 inrupissent
661 916 688 940 et
710 911 745 940 ab
769 911 924 950 oppidanis
940 911 1064 949 graviter
1081 911 1182 940 caede-

112 960 225 989 rentur,
242 964 256 984 a
271 955 410 994 Scipione
425 954 447 993 †
459 954 602 983 Orfitiano
620 954 748 993 expliciti
765 959 843 989 sunt,
861 963 913 992 per
930 963 1015 992 quem
1034 959 1059 983 et
1078 952 1182 982 castel—

112 998 170 1027 lum
195 997 409 1032 Romanorum,
437 997 513 1036 quod
543 1001 628 1026 nocte
655 996 878 1035 expugnabant,
907 997 1008 1035 paucis
1032 995 1182 1035 equitibus

110 1039 277 1070 iuvantibus
299 1039 453 1069 liberatum
476 1043 535 1075 est3
561 1044 798 1077 castrorumque,
827 1048 900 1077 quae
923 1039 1179 1076 Carthaginienses

110 1082 246 1112 omnibus
263 1082 356 1121 copiis
371 1082 406 1111 ab
423 1081 496 1112 urbe
509 1082 618 1121 pariter
631 1082 739 1119 egressi
752 1081 973 1120 oppugnabant,
990 1081 1178 1110 liberatorum

110 1125 133 1154 is
158 1125 219 1164 ipse
243 1125 429 1164 praecipuam
453 1124 573 1163 gloriam
594 1124 669 1153 tulit.
705 1129 853 1163 praeterea
877 1133 943 1153 cum
965 1123 999 1152 ab
1024 1123 1108 1152 inrita
1126 1132 1179 1162 op-

109 1167 290 1206 pugnatione
307 1167 489 1206 Carthaginis
506 1167 609 1196 consul
625 1184 667 1188 —
683 1166 755 1196 alter
779 1167 856 1195 enim
875 1166 994 1195 Romam
1012 1166 1045 1195 ad
1063 1165 1179 1195 comitia

110 1210 181 1240 ierat
193 1227 233 1231 -—
248 1210 405 1239 exercitum
419 1210 539 1239 duceret
552 1210 689 1239 adversus
703 1209 924 1244 Hasdrubalem,
942 1209 991 1247 qui
1005 1217 1071 1238 cum
1085 1208 1180 1246 ampla

110 1262 197 1282 mauu
214 1252 318 1282 saltum
336 1253 445 1281 inicum
458 1252 612 1285 insederat,
629 1251 719 1281 suasit
732 1251 826 1290 primo
841 1251 964 1286 consuli,
983 1260 1019 1280 ne
1031 1255 1089 1280 tam
1102 1251 1180 1279 inico

111 1295 175 1324 loco
199 1295 379 1332 confligeret.
413 1295 506 1324 vietus
527 1295 632 1323 deinde
656 1294 860 1332 conplurium,
886 1294 934 1332 qui
960 1298 987 1322 et
1009 1293 1181 1332 prudentiae

112 1343 139 1366 et
156 1337 253 1366 virtuti
272 1337 334 1367 eius
351 1337 527 1371 invidebant,
544 1337 698 1366 sententiis
715 1341 742 1365 et
758 1336 821 1375 ipse
838 1336 943 1365 saltum
962 1336 1112 1374 ingressus
1129 1341 1179 1365 est.

109 1388 192 1414 cum,
215 1380 289 1409 sicut
314 1380 508 1419 praedixerat,
532 1380 614 1408 susus
637 1380 812 1417 fugatusque
837 1383 911 1408 esset
933 1378 1082 1407 Romanus
1098 1387 1181 1407 exer-

109 1422 184 1452 citus
201 1427 228 1451 et
241 1423 314 1451 duae
327 1423 462 1451 cohortes
475 1422 510 1451 ab
524 1423 607 1451 hoste
622 1421 837 1455 obsiderentur,
855 1430 920 1450 cum
936 1421 1036 1460 paucis
1049 1421 1181 1459 equitum

110 1464 213 1494 turmis
241 1464 269 1493 in
294 1464 398 1494 saltum
422 1474 556 1494 reversus
586 1464 714 1493 liberavit
740 1473 787 1493 eas
811 1468 838 1492 et
866 1463 1030 1493 incolumes
1057 1463 1180 1492 reduxit.

110 1516 196 1545 quam
219 1507 354 1536 virtutem
378 1507 440 1536 eius
464 1511 492 1536 et
509 1506 596 1542 Cato,
619 1507 662 1536 vir
686 1506 877 1545 promptioris
899 1506 932 1535 ad
958 1506 1180 1545 vituperandum

110 1549 237 1587 linguae,
254 1550 283 1578 iu
301 1554 403 1579 senatu
420 1550 461 1578 sic
478 1554 652 1588 prosecutus
668 1555 726 1583 est,
743 1554 775 1578 ut
790 1549 899 1578 diceret
915 1549 1059 1588 reliquos,
1084 1548 1133 1587 qui
1150 1548 1179 1577 in

110 1592 207 1621 Africa
225 1591 392 1627 militarent,
408 1591 526 1621 umbras
542 1592 661 1621 volitare
673 1615 680 1626 ‚
696 1591 866 1630 Scipionem
883 1591 989 1629 vigere,
1007 1595 1035 1620 et
1053 1590 1181 1630 populus

111 1634 260 1664 Romanus
277 1644 310 1664 eo
328 1635 423 1664 favore
440 1634 625 1673 complexus,
649 1639 680 1663 ut
705 1633 830 1663 comitiis
847 1634 989 1673 plurimae
1006 1642 1072 1662 eum
1090 1633 1182 1662 tribus

109 1677 260 1706 consulem
287 1677 464 1711 seriberent,
488 1686 554 1706 cum
578 1677 635 1706 hoc
658 1686 711 1715 per
734 1681 855 1705 aetatem
881 1685 939 1705 non
964 1676 1074 1705 liceret.
1114 1684 1180 1704 cum

110 1719 142 1748 L.
160 1718 332 1749 Scribonius
347 1719 486 1749 tribunus
500 1719 594 1758 plebis
615 1719 797 1757 rogationem
821 1718 1052 1757 promulgasset,
1077 1722 1106 1747 ut
1123 1717 1181 1747 Lu-

109 1761 212 1797 sitani,
244 1762 293 1800 qui
316 1762 345 1791 in
369 1762 454 1791 fidem
479 1762 590 1801 populo
613 1761 745 1791 Romano
776 1761 862 1790 dediti
894 1760 928 1790 ab
953 1760 1014 1790 Ser.
1039 1760 1127 1789 Galba
1151 1761 1180 1789 in

112 1803 232 1833 Galliam
250 1804 408 1839 venissent,
424 1804 454 1834 in
471 1804 633 1834 libertatem
649 1804 883 1838 restituerentur,
901 1803 937 1832 M.
955 1803 1023 1832 Cato
1041 1802 1181 1832 acerrime

112 1846 210 1876 suasit.
233 1851 309 1876 extat
322 1847 414 1876 oratio
431 1856 462 1876 ea
479 1847 509 1876 in
524 1846 677 1876 annalibus
694 1846 786 1886 ipsius
800 1845 921 1875 inclusa.
946 1845 980 1879 Q.
993 1845 1112 1875 Fulvius
1124 1845 1182 1874 No-

112 1887 198 1918 bilior
214 1889 255 1924 ei,
278 1898 365 1929 saepe
381 1889 416 1919 ab
433 1899 467 1919 eo
484 1890 513 1919 in
531 1894 632 1919 senatu
653 1889 812 1923 laceratus,
835 1888 988 1927 respondit
1005 1897 1058 1927 pro
1076 1887 1180 1923 Galba;

112 1930 174 1969 ipse
198 1940 314 1970 quoque
337 1932 442 1967 Galba,
466 1941 532 1962 cum
556 1941 586 1961 se
611 1931 741 1961 damnari
765 1931 891 1967 videret,
915 1931 1086 1970 complexus
1109 1930 1182 1960 duos

1205 365 1231 388 15

1204 577 1232 600 20

1205 1001 1233 1024 30

1204 1212 1232 1236 35

1204 1424 1232 1448 40

1205 1638 1233 1661 45

1206 1851 1234 1875 50
