1367 2143
167 580 193 604 10

164 791 191 814 15

158 1423 185 1447 30

220 110 280 139 206
598 112 670 137 IVLII
689 112 912 142 OBSEQVENTIS

219 198 325 227 teriora
342 198 437 227 hostili
450 198 593 236 sanguine
610 198 747 227 maculari
763 199 867 227 solent.
898 199 1037 228 continua
1050 200 1075 228 ei
1090 200 1201 238 proelia
1216 209 1281 229 cum

219 249 357 269 successu
373 241 502 269 suerunt.

305 282 343 311 M.
367 282 492 312 Varrone
510 282 539 312 C.
561 283 654 312 Cassio
678 282 838 312 consulibus
862 283 995 321 Cyzicum
1018 283 1194 313 Mithridates
1217 294 1282 313 cum

221 330 415 362 oppugnaret,
432 325 624 363 Aristagorae,
643 325 692 362 qni
708 325 737 353 in
754 334 867 354 summo
884 325 1053 363 magistratu
1070 330 1145 361 erat,
1164 326 1284 355 Proser-

217 367 285 404 pina
306 366 336 395 iu
360 367 457 404 quiete
480 367 537 396 visa
561 372 603 396 est.
625 367 721 395 dicere
744 367 881 396 adversus
908 367 1043 397 tibicines
1069 377 1099 396 se
1123 367 1283 397 tubicinem

218 418 412 446 comparasse.
444 414 561 446 postero
575 409 620 437 die
634 414 729 438 turres
746 409 872 438 hostium
889 415 975 439 vento
991 409 1125 439 disiectae
1141 414 1218 439 sunt.
1249 411 1283 439 ad

218 451 426 480 immolandum
444 451 496 479 bos
513 460 592 479 sacra
609 451 718 480 iniussa
735 451 769 479 de
785 451 935 480 montibus
952 461 1005 489 per
1021 452 1146 481 hostium
1164 452 1283 481 classem

217 493 360 521 aduatavit
377 503 467 531 seque
484 493 518 521 ad
535 503 598 522 aras
615 493 836 531 percutiendam
855 493 967 522 obtulit.

302 537 337 565 ot
359 533 454 575 [1221.
487 535 522 564 M.
537 535 678 564 Cicerone
698 535 727 564 C.
748 536 875 564 Antonio
892 536 1062 565 consulibus
1085 536 1205 564 fulmine
1223 536 1284 574 ple-

216 586 307 614 raque
332 577 460 606 decussa.
498 587 602 606 sereno
626 577 821 615 Vargunteius
845 578 991 615 Pompeiis
1018 578 1052 607 de
1077 578 1157 607 caelo
1185 578 1285 606 exani-

217 624 320 648 matus.
352 619 442 648 trabis
458 620 563 648 ardens
580 619 615 648 ab
633 629 737 648 occasu
755 620 789 648 ad
806 620 918 648 caelum
936 625 1060 648 extenta.
1093 625 1186 649 terrae
1203 625 1283 648 motu

217 661 369 698 Spoletum
392 666 484 690 totum
505 671 698 696 concussum,
721 666 750 690 et
765 662 905 699 quaedam
922 667 1107 691 corruerunt.
1138 663 1215 691 inter
1230 662 1283 690 alia

216 703 338 732 relatum
357 703 476 731 biennio
494 708 560 732 ante
578 704 606 731 in
620 703 759 741 Capitolio
777 704 872 741 lupam
886 704 968 732 Remi
986 708 1014 732 et
1030 704 1144 732 Romuli
1162 704 1282 733 fulmine

216 745 317 779 ictam,
334 745 511 783 signumque
527 745 601 773 Iovis
618 754 683 773 cum
701 745 836 774 columna
853 745 1021 780 disiectum,
1045 746 1212 783 aruspicum
1236 755 1282 775 re-

214 796 323 825 sponso
343 787 372 815 in
396 788 459 815 foro
477 787 646 825 repositum.
679 786 791 815 tabulae
815 788 911 825 legum
935 797 1040 816 aeneae
1057 788 1160 817 litteris
1180 798 1195 815 >n
1212 798 1227 815 *
1248 788 1281 816 li—

216 830 375 867 quefactae.
406 829 441 857 ab
459 829 501 858 his
518 829 656 867 prodigiis
674 829 812 858 Catilinae
836 830 945 858 nefaria
969 830 1148 867 conspiratio
1169 835 1281 867 coepta.

299 871 334 900 D.
352 871 435 900 Imu'o
453 871 481 900 L.
500 871 622 900 Murena
638 871 799 900 consulibus
817 872 845 900 C.
865 872 1010 901 Antonius
1031 873 1192 909 proconsul
1215 881 1281 901 cum

215 913 244 941 in
261 923 329 951 agro
348 913 518 942 Pistoriensi
535 913 685 942 Catilinam
702 913 866 947 devicisset,
891 914 1034 943 laureatos
1056 914 1148 943 fasces
1165 914 1193 943 in
1212 923 1280 952 pro-

214 955 339 984 vinciam
356 956 430 985 tulit.
463 955 501 984 ibi
515 965 529 983 a
543 956 684 984 Dardanis
701 965 859 993 oppressus
874 956 978 985 amisso
995 956 1124 985 exercitu
1142 956 1280 994 profugit.

212 998 347 1035 apparuit
363 1007 429 1026 eum
446 997 580 1027 hostibus
597 998 779 1035 portendisse
796 998 955 1032 victoriam,
972 1007 1038 1027 cum
1052 999 1085 1026 ad
1102 1008 1151 1027 eos
1168 999 1280 1027 laurum

215 1040 362 1068 victricem
379 1040 486 1074 tulerit,
504 1049 590 1077 quam
608 1040 636 1068 iu
656 1039 795 1077 Capitolio
813 1040 949 1068 debuerat
969 1040 1127 1078 deponere.

298 1083 337 1112 (52
355 1080 450 1121 [123]
481 1082 515 1115 Q.
533 1082 646 1110 Metello
671 1082 702 1109 L.
726 1082 844 1110 Afranio
868 1082 1038 1111 consulibus
1060 1082 1105 1110 die
1129 1086 1189 1110 toto
1213 1087 1280 1111 aute

212 1133 318 1152 sereno
335 1124 412 1152 cirea
426 1124 527 1152 horam
545 1124 729 1152 undecimam
744 1134 801 1152 nox
814 1133 843 1152 se
857 1124 991 1157 intendit,
1008 1124 1112 1152 deinde
1129 1124 1279 1153 restitutus

212 1166 317 1203 fulgor.
349 1166 476 1195 turbinis
492 1166 517 1194 vi
535 1171 609 1194 tecta
627 1166 747 1194 deiecta.
778 1171 867 1203 ponte
884 1166 1020 1203 sublapso
1037 1166 1171 1194 homines
1188 1166 1216 1194 in
1229 1166 1278 1194 Ti-

160 1213 184 1221 ·’
211 1208 302 1236 herim
321 1208 510 1246 praecipitati.
543 1208 571 1236 in
589 1208 666 1245 agris
683 1208 839 1245 pleraeque
856 1208 975 1236 arbores
992 1217 1108 1236 eversae
1132 1208 1278 1237 radicitus.

212 1250 343 1279 Lusitani
362 1250 483 1279 Callaeci
499 1250 613 1278 devicti.

296 1294 345 1322 63.
375 1292 425 1321 Cn..
443 1292 567 1321 Domitio
585 1292 623 1320 M.
642 1291 774 1321 Messalla
796 1292 957 1320 consulibus
981 1292 1040 1330 lupi
1066 1292 1094 1320 in
1119 1292 1191 1320 urbe
1216 1292 1276 1321 visi.

211 1335 350 1363 nocturni
368 1334 493 1363 ululatus
510 1334 619 1363 flebiles
636 1344 741 1362 cauum
754 1334 851 1363 auditi.
879 1334 1066 1363 simulacrum
1079 1334 1177 1363 Martis
1193 1335 1277 1363 suda-

211 1377 256 1405 vit.
290 1377 400 1405 fulmen
424 1381 482 1405 tota
505 1376 576 1405 urbe
599 1381 786 1414 pervagatum
815 1376 954 1413 pleraque
976 1376 1097 1405 deorum
1124 1376 1277 1405 simulacra

209 1419 344 1453 decussit,
362 1419 495 1447 homines
512 1418 692 1447 exanimavit.
721 1418 791 1447 urbs
808 1418 935 1447 lustrata.
965 1423 1086 1456 propter
1103 1418 1275 1447 dictaturam

209 1461 340 1498 Pompeii
357 1461 462 1498 ingens
478 1461 581 1489 seditio
599 1461 627 1489 in
645 1460 718 1488 urbe
735 1460 796 1489 fuit.

294 1505 332 1532 ⁴54
351 1501 446 1542 [124]
484 1503 515 1531 L.
540 1503 664 1531 Domitio
688 1503 741 1540 Ap.
761 1502 877 1530 Claudio
901 1502 1072 1531 consulibus
1097 1502 1133 1530 M.
1155 1503 1274 1531 Crassus

208 1546 241 1573 ad
262 1545 383 1573 Parthos
399 1546 547 1582 profectus
572 1554 637 1573 cum
654 1544 832 1582 Euphratem
857 1544 1006 1577 transiret,
1031 1544 1119 1572 multa
1144 1544 1274 1581 prodigia

210 1587 345 1624 neglexit.
376 1596 442 1615 cum
465 1587 550 1615 etiam
573 1591 673 1615 coorta
697 1591 853 1624 tempestas
875 1586 1014 1623 signifero
1035 1587 1151 1624 signum
1168 1586 1273 1623 abrep-

208 1635 269 1657 tum
286 1629 433 1658 mersisset
454 1629 562 1667 gurgiti
586 1634 614 1657 et
637 1628 807 1657 ofl'umlente
824 1638 851 1657 se
869 1628 1036 1657 nimborum
1059 1628 1181 1666 caligine
1204 1637 1273 1665 pro—

208 1671 381 1700 hiberentur
397 1671 535 1706 transire,
559 1671 749 1709 pertinaciter
770 1680 961 1708 perseverans
977 1680 1042 1698 cum
1065 1670 1122 1698 tilio
1147 1674 1174 1698 et
1191 1679 1273 1698 exer-

208 1719 264 1741 citu
284 1718 403 1741 mternt.

274 1798 296 1821 3.
316 1796 350 1820 M.
369 1796 490 1820 sum-one
511 1796 536 1820 C.
557 1795 645 1819 cassio
669 1795 826 1824 consulibus}
850 1795 953 1826 ergiinzt
977 1795 1040 1819 nach
1059 1794 1218 1825 Oudendorp.
1240 1808 1271 1811 —

206 1832 229 1854 5.
249 1831 376 1859 cibit-ines]
398 1830 460 1854 nach
480 1829 548 1857 Ald.;
573 1828 637 1853 Jahn
662 1829 723 1853 nach
743 1828 866 1853 Schefl'er:
891 1830 1038 1853 tabit-inem.
1065 1842 1093 1845 —
1119 1829 1269 1856 tubIcineml

206 1864 269 1887 uach
289 1863 406 1895 HHaupt;
426 1863 493 1887 Ald.:
514 1864 653 1887 tibicinem.
674 1877 705 1880 —
727 1864 764 1887 17.
784 1863 814 1885 Ι).
837 1863 912 1886 lunio
931 1862 959 1887 L.
980 1862 1089 1886 Mul-elza
1109 1862 1268 1890 consulibus]

206 1898 309 1927 ergiiuzt
329 1897 390 1921 nach
410 1896 483 1921 Jahn.
503 1911 534 1914 —
554 1898 593 1921 27.
615 1897 657 1921 ίίι.
678 1897 794 1920 Domitio
814 1896 847 1920 M.
868 1896 986 1920 Messalla
1006 1896 1164 1924 consulibus]
1184 1895 1271 1926 einge-

206 1931 260 1962 fngt
280 1931 342 1955 nach
362 1930 521 1962 Oudendorp.
