1367 2143
464 103 520 129 LlB.
542 103 786 129 Lxxlu—Lxxvll.
1102 102 1160 131 155

93 189 242 220 hostilium
259 194 422 218 castrorum
435 189 548 219 cecidit.
577 189 725 229 Sulpicius
738 189 850 227 legatus
862 189 1045 218 Marrucinos
1058 189 1162 219 cecidit

92 236 240 271 totamque
257 241 319 261 eam
336 232 486 270 regionem
505 231 623 271 recepit.
651 231 702 261 Cn.
720 231 878 270 Pompeius
894 231 1054 270 proconsul
1068 231 1161 261 Vesti-

92 283 146 304 nos
162 278 189 303 ct
206 274 359 312 Paelignos
375 274 404 303 in
421 274 596 304 deditionem
613 274 734 312 accepit.
760 273 846 303 Marsi
863 283 980 312 quoque
997 283 1011 303 a
1023 274 1054 303 L.
1069 273 1162 304 Cinna

90 321 118 346 et
133 316 258 346 Caecilio
275 316 327 345 Pio
343 316 444 355 legatis
461 316 572 355 aliquot
588 315 707 355 proeliis
722 316 803 345 fracti
821 320 918 354 petere
935 325 1036 354 pacem
1056 325 1162 355 coepe-

88 363 168 388 runt.
211 358 348 388 Asculum
377 368 391 388 3
416 358 467 388 Cn.
491 358 630 397 Pompeio
655 362 771 397 captum
794 364 844 387 est.
881 358 971 387 caesis
994 363 1054 387 eta
1077 358 1161 388 Mam.

89 400 212 430 Aemilio
236 401 331 439 legato
348 400 456 430 Italicis
473 400 533 430 Silo
550 400 758 439 Pompaedius,
779 400 835 429 dux
859 399 1036 436 Marsorum,
1059 406 1162 430 auctor

89 443 179 472 totius
195 443 252 479 rei,
276 444 305 472 in
328 442 440 482 proelio
464 442 577 472 cecidit.
611 441 822 472 Ariobarzanes
837 442 1051 481 Cappadociae,
1073 442 1161 472 Nico-

91 486 190 515 medes
213 485 363 524 Bithyniae
385 494 476 524 regno
505 494 520 514 a
544 484 724 519 Mithridate,
756 484 841 514 Ponti
867 493 951 522 rege,
980 484 1055 523 pulsi
1083 490 1160 514 sunt.

91 532 241 567 praeterea
258 527 441 557 incursiones
457 527 602 556 Thracum
625 527 655 556 in
672 527 870 557 Macedoniam
894 526 1160 566 populationesque

90 575 230 600 conunet

158 630 181 652 9.
201 630 282 652 cneius
300 629 348 657 νει]
368 627 431 652 nach
450 626 544 652 Wssb.:
564 626 629 651 Jahn
649 627 693 651 mit
713 626 761 651 den
781 626 898 651 Hdseluz:
919 629 976 651 eius
994 628 1041 652 rei.

522 711 555 735 LI
564 710 590 735 B.
612 710 726 735 Lxxvn.

173 771 311 792 nemnem
342 773 396 792 un.
421 772 525 792 Lxxvu.
566 762 638 791 Cum
666 762 697 791 P.
727 762 877 800 Sulpicius
903 762 1041 791 tribunus
1068 762 1163 801 plebis

90 810 208 835 auctore
228 806 258 834 C.
276 806 365 835 Mario
382 805 563 844 perniciosas
579 805 658 842 leges
677 804 901 843 promulgasset,
918 809 950 833 ut
966 804 1064 833 exules
1079 814 1163 834 revo-

91 852 228 878 carentur
244 852 272 877 et
290 848 355 877 novi
373 848 449 877 cives
469 847 659 885 libertinique
682 849 712 876 in
734 848 857 886 quinque
880 851 904 876 et
928 848 1049 885 trz'yinta
1072 847 1164 876 tribus

90 890 346 925 distribuerentur,
359 895 385 919 et
397 894 428 919 ut
438 890 468 919 C.
477 889 585 918 Marius
597 889 734 918 adversus
743 889 948 924 Mithridatem,
958 889 1044 918 Ponti
1053 898 1162 927 regem,

90 932 147 962 dux
161 937 318 968 crearetur,
331 937 359 962 et
370 931 591 961 adversantibus
604 931 775 961 consulibus
786 930 819 965 Q.
830 931 970 970 Pompeio
984 936 1012 960 et
1025 931 1056 960 L.
1070 931 1165 970 Syllae

89 975 146 1004 vim
164 975 325 1010 intulisset,
349 975 446 1004 occiso
465 974 499 1009 Q.
517 974 659 1012 Pompelo,
683 973 717 1007 Q.
734 973 855 1012 Pompei
873 973 1003 1003 consulis
1019 973 1094 1009 filio,
1112 983 1162 1012 ge-

92 1026 164 1046 nero
181 1016 290 1055 Syllae,
314 1017 346 1046 L.
364 1016 441 1055 Sylla
458 1016 560 1046 consul
577 1025 643 1045 cum
661 1016 789 1045 exercitu
806 1015 835 1045 in
853 1015 955 1045 urbem
972 1016 1052 1045 venit
1067 1020 1096 1045 et
1112 1016 1162 1045 ad-

90 1068 189 1088 versus
205 1060 361 1088 factionem
379 1059 491 1098 Sulpici
515 1065 542 1088 et
557 1058 629 1088 Mari
653 1058 682 1087 in
706 1058 767 1097 ipsa
790 1058 863 1087 urbe
883 1059 1023 1097 pugnavit
1040 1067 1162 1097 eamque

90 1101 209 1140 expulit.
240 1111 273 1131 ex
290 1111 346 1140 qua
362 1101 516 1131 duodecim
533 1110 548 1130 3
564 1104 667 1130 senatu
689 1101 803 1135 hostes,
824 1101 899 1129 inter
916 1110 990 1139 quos
1006 1100 1036 1129 C.
1053 1100 1162 1130 Marius

90 1149 172 1183 pater
194 1148 221 1173 et
243 1144 336 1179 filius,
353 1143 471 1173 iudicati
488 1148 565 1173 sunt.
596 1143 627 1172 P.
645 1142 810 1182 Sulpicius,
827 1151 893 1172 cum
911 1143 939 1171 in
957 1143 1080 1181 quadam
1097 1142 1163 1172 villa

90 1186 200 1222 lateret,
216 1186 324 1216 indicio
341 1186 415 1216 servi
432 1186 476 1215 sui
493 1190 635 1215 retractus
648 1189 676 1214 et
689 1185 803 1214 occisus
820 1189 872 1214 est.
902 1194 1013 1221 servus,
1029 1190 1061 1214 ut
1077 1194 1161 1224 prae-

90 1229 181 1258 mium
195 1229 373 1268 promissum
390 1228 479 1258 indici
492 1227 621 1263 haberet,
637 1227 844 1263 manumissus,
860 1227 910 1256 sed
927 1227 963 1256 ob
981 1226 1076 1257 scelus
1093 1237 1162 1266 pro-

91 1271 144 1301 diti
167 1271 278 1300 domini
301 1271 336 1300 de
359 1280 426 1300 saxo
450 1270 579 1300 deiectus
607 1275 658 1299 est.
696 1269 726 1299 C.
750 1269 858 1299 Marius
881 1269 958 1299 filius
981 1270 1010 1298 in
1036 1270 1162 1299 Africam

91 1313 212 1343 traiecit.
236 1313 267 1342 C.
277 1313 385 1342 Marius
397 1317 489 1351 pater,
502 1322 568 1342 cum
582 1312 611 1342 in
624 1311 780 1351 paludibus
790 1311 1037 1341 Minturnensium
1049 1312 1163 1347 lateret,

92 1360 236 1385 extractus
252 1360 295 1385 est
310 1355 345 1384 ab
362 1355 532 1394 oppidanis,
556 1359 584 1384 et
605 1363 672 1384 cum
695 1354 801 1383 missus
823 1354 857 1384 ad
882 1355 1074 1384 occidendum
1094 1363 1161 1384 eum

91 1407 201 1434 servus,
219 1398 336 1427 natione
349 1397 458 1433 Gallus,
475 1397 626 1427 maiestate
642 1397 714 1426 tanti
727 1396 779 1425 viri
796 1397 969 1435 perterritus
986 1397 1163 1431 recessisset,

92 1440 238 1479 inpositus
259 1440 376 1479 publice
398 1440 463 1469 navi
486 1440 598 1469 delatus
614 1443 657 1468 est
679 1439 708 1468 in
726 1439 863 1468 Africam.
895 1439 926 1468 L.
945 1438 1022 1477 Sylla
1039 1439 1164 1469 civitatis

92 1487 199 1512 statum
216 1482 373 1518 ordinavit3
399 1482 502 1511 exinde
519 1482 650 1511 colonias
672 1481 799 1510 deduxit.
830 1480 863 1515 Q.
880 1481 1038 1520 Pompeius
1060 1481 1163 1511 consul

92 1525 126 1554 ad
143 1525 348 1564 accipiendum
370 1534 385 1554 a
402 1524 454 1554 Cn.
471 1524 612 1564 Pompeio
630 1523 808 1563 proconsule
832 1524 989 1553 exercitum
1014 1524 1164 1563 profectus

93 1567 217 1596 consilio
241 1567 303 1596 eius
325 1567 440 1596 occisus
461 1572 512 1596 est.
551 1566 744 1602 Mithridates,
776 1565 861 1595 Ponti
882 1575 947 1601 rex,
978 1566 1111 1605 Bithynia
1135 1571 1164 1595 et

94 1608 276 1648 Cappadocia
292 1609 443 1648 occupatis
459 1614 487 1638 et
503 1609 589 1648 pulso
605 1608 656 1638 Μ’.
668 1608 784 1647 Aquilio
801 1608 895 1646 legato
912 1608 1077 1647 Phrygiam,
1094 1617 1164 1647 pro—

95 1651 218 1681 vinciam
235 1651 337 1691 populi
355 1651 488 1687 Romani,
505 1661 571 1681 curn
587 1651 699 1690 ingenti
717 1651 846 1680 exercitu
864 1650 988 1680 intravit.

161 1711 183 1734 3.
203 1711 229 1734 in
251 1711 366 1741 quinque
385 1711 411 1733 et
429 1710 543 1741 triginta
561 1710 656 1739 tribus]
677 1709 781 1740 erg'anzt
800 1708 863 1733 nach
877 1707 956 1732 Halm.
968 1722 997 1726 ——
1010 1709 1032 1733 6.
1050 1708 1076 1738 Q.
1091 1709 1166 1733 Pom-

91 1744 160 1776 peio]
180 1744 283 1775 ergiinzt
302 1744 366 1768 nach
384 1742 439 1768 th.
458 1757 491 1761 -
512 1745 549 1768 12.
569 1744 623 1773 sed]
643 1743 706 1767 nach
726 1742 810 1771 Haln„
830 1741 946 1767 Hdschr.:
967 1743 1093 1767 ee.—·2l.
1113 1741 1163 1771 MS]

91 1777 221 1809 eingest'igt
240 1777 304 1802 nach
323 1777 404 1802 Wssb.

182 1839 231 1874 17)
248 1837 314 1868 Καὶ
332 1835 515 1877 παρελθών
539 1835 588 1874 εἷς
604 1835 663 1877 τὴν
688 1834 786 1867 πόλιν
804 1834 930 1872 ὕπατος
946 1835 1006 1875 μὲν
1023 1831 1166 1866 ἀποδεί-

96 1890 210 1911 κνυται
227 1878 375 1916 (Σύλλας)
398 1878 482 1918 μετὰ
503 1880 645 1910 Κοίντου
662 1880 859 1920 Πομπηίου,
881 1877 1090 1920 πεντήκοντα
1108 1876 1163 1919 ἔτι]

94 1919 251 1961 γεγονώς,
275 1927 375 1962 γαμεῖ
398 1921 433 1953 δὲ
457 1920 563 1962 γάμον
584 1919 803 1960 ἐνδοξότατον
820 1920 998 1952 Καικιλίαν
1014 1919 1074 1961 τὴν
1090 1922 1167 1951 Με-

1185 489 1212 513 10

1187 937 1200 961 5

1187 1147 1214 1172 10

1187 1359 1214 1383 15
