1367 2143
153 274 180 297 75

153 484 181 509 80

157 1915 184 1939 10

206 97 265 127 164
445 98 474 124 Τ.
493 98 555 123 LlVI
573 98 751 124 PERIOCHAE
770 98 811 123 ET
831 98 1038 125 FRAGMENTA.

205 184 273 214 cada
289 184 467 223 appellatur,
490 184 740 224 comportandum,
763 188 877 224 praeter
899 194 984 224 quam
1007 185 1108 215 urbem
1125 190 1267 225 opportu-

207 226 343 255 nissimus
360 236 393 256 ex
410 226 572 256 Beronibus
589 227 726 256 transitus
743 231 800 256 erat
812 249 819 262 ‚
842 227 872 256 in
889 236 1101 266 quamcumque
1118 228 1267 266 regionem

205 268 310 298 ducere
327 268 485 298 exercitum
502 269 665 305 statuisset;
684 268 916 305 etC.1nsteium,
933 269 1111 308 praefectum
1128 270 1267 309 equitum,

205 310 357 349 Segoviam
381 316 409 340 et
425 310 454 340 in
471 310 658 340 Vacaeiorum
683 315 799 349 gentem
814 311 849 340 ad
873 311 1005 350 equitum
1022 312 1268 350 conquisitionem

204 353 283 382 misit
302 353 412 382 iussum
435 362 501 382 cum
524 353 671 392 equitibus
688 353 860 382 Contrebiae
883 363 946 383 sese
968 353 1105 392 opperiri.
1143 354 1269 384 dimissis

206 395 240 424 iis
257 395 319 434 ipse
336 395 500 434 profectus,
522 405 574 434 per
591 395 755 425 Vasconum
771 404 872 433 agrum
894 396 982 425 ducto
1000 396 1127 425 exercitu
1145 396 1174 425 in
1197 406 1269 426 con-

207 437 275 466 finio
299 437 446 467 Beronum
470 438 567 476 posuit
589 442 690 467 castra.
728 442 847 476 postero
871 438 916 467 die
932 447 998 467 cum
1021 437 1167 476 equitibus
1187 448 1269 477 prae-

204 488 321 517 gressus
337 480 372 508 ad
388 479 491 509 itinera
508 479 684 518 exploranda
695 502 702 515 ‚
726 479 803 509 iusso
821 480 917 519 pedite
940 480 1077 519 quadrato
1094 480 1209 518 agmine
1225 490 1269 510 se-

207 521 266 560 qui,
284 521 317 550 ad
335 521 474 557 Varciani,
490 522 693 551 validissimam
710 522 839 560 regionis
856 522 917 551 eius
935 522 1052 558 urbem,
1075 523 1163 552 venit.
1193 523 1271 552 haud

207 563 427 602 inopinantibus
449 564 483 593 iis
510 564 601 593 hostis
623 564 785 593 advenerat.
824 564 953 603 undique
976 564 1122 603 equitibus
1150 568 1177 594 et
1202 574 1270 594 suae

208 605 303 643 gentis
320 610 346 635 et
364 606 553 635 Autriconum
567 629 572 634 .
586 603 602 634 .'
635 606 692 635 Ans
708 608 797 635 einem
817 606 910 636 Codex·
929 606 1080 635 Vaticanus
1096 612 1191 636 zuerst
1207 616 1271 636 ver-

206 648 363 687 o'ffentlicltt
387 657 441 677 oon
458 648 489 677 P.
506 648 535 677 J.
549 649 644 677 Bruns
660 648 820 686 (Homburq
836 650 926 684 1773)
948 649 1008 677 and
1024 648 1150 678 Niebuhr
1166 651 1196 678 in
1214 649 1270 678 Cic.

205 699 247 719 or.
262 700 288 728 p.
308 690 347 718 M.
365 690 479 720 Fonteio
500 695 525 719 et
545 700 573 729 p.
594 690 622 719 C.
641 690 759 720 Rabirio
776 691 882 728 fraym.
900 690 1007 720 Romae
1026 691 1115 725 1820,
1138 690 1167 720 S.
1185 692 1223 722 85
1236 692 1270 729 fi,

207 732 316 761 zaletzt
332 741 387 761 von
407 731 428 760 T
429 732 455 761 Ιι.
474 732 630 762 Mommsen
646 742 692 762 am
712 732 784 761 Ende
799 734 892 762 seiner
908 733 1034 770 Ausqabe
1050 733 1095 762 [les
1111 732 1204 762 Cocleae
1221 733 1271 763 Ve—

206 775 345 808 ronensis,
361 774 459 804 Berlin
477 775 566 805 1868.

274 825 296 848 6.
317 823 430 848 Niebuhr
449 824 562 855 ergiinzt:
582 826 607 848 et
626 824 775 857 tu<g11rIztm
796 825 964 855 conflagrare
983 823 1145 856 cor1¹ep>lllm
1164 826 1229 856 igni.
1241 839 1272 842 —

207 859 229 882 S.
251 857 353 882 Weiske
373 860 524 882 vermutete:
551 859 711 882 inritaverat
735 860 942 889 oppugnantem.
966 873 997 875 —
1026 860 1062 882 14.
1082 858 1122 883 Kr.
1142 859 1271 890 erg‘auzte:

209 891 237 916 L.
258 892 354 915 Insteio
372 892 444 924 <eum
464 892 566 916 modico
586 891 656 921 [oder
675 892 771 921 valido]
788 891 938 923 praesidio)
957 893 1010 923 ipse
1024 910 1029 916 .
1041 910 1046 916 .
1065 906 1098 910 —-
1115 893 1155 917 24.
1175 892 1209 917 Da
1229 892 1273 917 das

208 932 252 949 vor
272 924 382 955 officina
403 925 549 957 eingestigte
569 927 597 949 in
615 925 732 950 unsicher
751 926 791 953 ist,
811 933 839 950 so
859 926 891 950 ist
911 933 937 950 es
952 926 1081 950 vielleicht
1094 926 1272 955 auszulassen;

206 966 225 982 s.
246 966 275 983 zu
295 960 334 989 23,
355 960 377 988 2Ἴ
397 960 424 988 9;
444 959 494 990 vgl.
509 959 604 990 jedoch
625 960 665 989 26,
685 961 725 987 51.
740 961 762 984 7.
783 974 814 977 —
833 961 872 984 30.
892 959 924 983 ist
944 959 1011 983 wohl
1031 959 1224 984 detractatione
1242 968 1271 984 zu

206 992 346 1017 schreiben.
358 1007 390 1009 ς
402 1001 468 1024 quas
481 994 532 1024 ipsi
542 1001 582 1016 res
592 1011 598 1017 .
609 994 624 1022 .]
642 993 754 1017 Niebuhr
768 992 804 1017 Ias
818 993 916 1024 ipsein]
928 993 987 1017 Cod.
1001 993 1051 1017 und
1061 993 1193 1025 erganzte:
1209 1001 1274 1025 quas

206 1027 259 1057 ipse
273 1034 315 1050 res
327 1026 368 1059 <ln
382 1026 552 1055 defendendis
564 1025 664 1058 sociis),
684 1034 799 1058 quasque
809 1045 815 1050 .
828 1046 832 1051 .
843 1041 877 1044 —
887 1028 926 1052 35.
947 1027 986 1050 ssu*
998 1029 1129 1051 revertere
1148 1029 1273 1052 vermutet

206 1059 276 1084 HJM.
296 1060 435 1085 discedere.
455 1074 486 1078 —-
504 1062 545 1085 46.
565 1061 717 1092 Pompeium
741 1062 802 1089 iam]
826 1059 895 1084 HJM.
922 1062 1059 1091 vermutet,
1082 1060 1136 1085 dass
1159 1062 1213 1084 iam
1235 1061 1273 1085 als

205 1093 345 1124 Dittogram
363 1101 542 1118 auszumerzeu
562 1094 602 1118 ist.
621 1108 653 1111 —
673 1095 711 1119 83.
732 1096 856 1118 vermutet
875 1093 1021 1126 AKiessling
1040 1095 1230 1125 Auirigonmn.

291 1144 362 1181 *23)
379 1145 480 1184 Neque
491 1145 568 1184 apud
582 1145 749 1174 Sallustium
768 1155 862 1184 neque
873 1146 949 1184 apud
964 1145 1076 1174 Livium
1089 1155 1184 1184 neque
1196 1145 1273 1184 apud

206 1186 399 1216 Fenestellam
415 1187 502 1216 ullius
518 1187 636 1216 alterius
652 1187 724 1217 latae
740 1187 775 1217 ab
793 1196 825 1216 eo
842 1188 886 1224 (C.
908 1187 1002 1223 Cotta)
1020 1187 1088 1226 legis
1109 1193 1148 1218 est
1164 1188 1272 1217 mentio

207 1233 322 1267 praeter
339 1238 411 1264 eam,
428 1239 514 1268 quam
531 1229 560 1258 in
574 1229 727 1259 consulatu
740 1229 804 1259 tulit
820 1231 912 1259 invita
925 1229 1084 1264 nobilitate,
1101 1239 1206 1268 magno
1220 1239 1273 1269 po·
1289 1254 1295 1258 .

208 1271 268 1310 puli
285 1271 391 1307 studio,
408 1276 439 1300 ut
455 1272 499 1307 iis,
517 1273 567 1310 qui
580 1272 692 1301 tribuni
704 1272 791 1311 plebis
807 1272 941 1306 fuissent,
961 1271 1033 1301 alios
1049 1281 1166 1310 quoque
1183 1272 1273 1310 magi-

206 1318 426 1393 ῗῖἒίὲιέοῑαρενε
449 1313 557 1343 liceret.
590 1314 688 1344 Ascon.
715 1317 744 1343 in
765 1314 819 1343 Cic.
839 1313 950 1344 Cornel.
968 1313 998 1342 S.
1016 1315 1054 1344 66
1073 1314 1123 1343 Or.
1140 1314 1169 1342 S.
1188 1315 1238 1349 59,
1255 1315 1271 1343 3

275 1406 298 1429 4.
318 1406 359 1433 iis]
380 1404 507 1436 Ing-Seu
527 1404 659 1429 schreibeu
678 1406 722 1428 eis.

629 1479 659 1504 Ll
669 1479 694 1504 B.
715 1479 852 1504 Lxxxxu.

293 1540 429 1560 remocua
453 1541 507 1560 Lm.
530 1540 651 1560 Lxxxxu.
697 1531 749 1560 Cn.
773 1531 929 1569 Pompeius
957 1530 1045 1560 dubio
1075 1535 1180 1560 eventu
1207 1540 1273 1560 cum

208 1573 338 1603 Sertorio
356 1573 513 1612 pugnavit,
539 1573 576 1602 ita
600 1578 631 1602 ut
646 1573 759 1611 singula
776 1582 810 1602 ex
826 1577 951 1611 utraque
975 1578 1057 1612 parte
1073 1583 1182 1603 cornua
1198 1573 1273 1602 vice-

207 1616 276 1646 rint.
311 1615 345 1649 Q.
364 1615 495 1645 Metellus
512 1615 675 1644 Sertorium
692 1620 719 1644 et
735 1615 913 1654 Perpernam
930 1625 996 1644 cum
1012 1616 1126 1645 duobus
1142 1616 1273 1644 exerciti-

208 1658 263 1687 bus
280 1657 392 1696 proelio
409 1658 496 1694 fudit,
522 1657 605 1687 cuius
621 1657 756 1687 victoriae
770 1661 880 1696 partem
895 1657 1017 1696 cupiens
1029 1658 1103 1687 ferre
1116 1657 1274 1696 Pompeius

207 1709 312 1739 parum
342 1709 483 1739 prospere
507 1700 656 1738 pugnavit.
698 1699 834 1729 obsessus
860 1700 965 1729 deinde
986 1699 1104 1728 Cluniae
1128 1699 1274 1729 Sertorius

207 1742 336 1771 adsiduis
361 1742 565 1781 eruptionibus
590 1751 649 1771 non
673 1742 777 1771 leviora
805 1742 908 1771 damna
936 1741 1137 1771 obsidentibus
1165 1741 1273 1771 intulit.

208 1789 357 1823 praeterea
374 1794 420 1813 res
436 1784 471 1813 ab
489 1784 615 1813 Curione
633 1784 807 1823 proconsule
829 1784 859 1813 in
877 1783 998 1813 Thracia
1021 1788 1115 1821 gestas
1137 1784 1274 1813 adversus

209 1826 359 1855 Dardanos
377 1831 405 1856 et
421 1826 454 1860 Q.
469 1826 579 1856 Sertori
597 1826 686 1856 multa
703 1826 829 1855 crudelia
845 1826 875 1855 in
892 1835 961 1855 suos
978 1826 1050 1855 sacta
1066 1826 1206 1862 continet,
1224 1825 1274 1865 qui

208 1868 352 1907 plurimos
368 1878 401 1898 ex
418 1869 517 1898 amicis
542 1874 567 1898 et
584 1878 683 1899 secum
707 1868 878 1908 proscriptis
902 1868 1022 1898 crimine
1039 1868 1213 1907 proditionis
1229 1868 1273 1897 in-

206 1910 357 1940 simulatos
373 1911 487 1941 occidit.

1323 2109 1324 2118 ⁴
1322 1924 1329 2073 „mm—
