1367 2143
207 78 265 108 188
447 79 475 105 T.
495 79 555 104 LlVl
574 78 755 103 PERIOCHAE
773 78 814 103 ET
834 78 1040 105 FRAGMENTA.

637 162 705 187 LlB.
725 162 844 187 CXXXV.

290 216 429 235 neumam
445 216 499 235 LIB.
516 216 615 235 cxxxi:
646 206 759 235 Bellum
781 215 795 234 a
813 206 849 235 M.
867 206 970 235 Crasso
989 206 1125 235 adversus
1142 206 1269 235 Thracas

206 254 234 278 et
250 259 265 277 a
282 249 402 278 Caesare
418 249 555 278 adversus
572 249 718 287 Hispanos
734 253 848 286 gestum
865 249 1005 283 refertur,
1022 253 1050 277 et
1066 248 1180 284 Salassi,
1197 258 1269 287 gens

205 291 319 330 Alpina,
336 291 499 329 perdomiti.

291 349 359 385 *64)
376 350 408 379 In
426 350 508 379 cuius
524 350 715 388 apparitionis
736 350 796 384 die,
819 350 896 388 quod
914 349 1075 388 Epiphania
1098 349 1270 386 appellatur⁷

207 392 311 422 Caesar
328 393 475 430 Augustus
492 392 521 421 in
538 392 720 430 spectaculis,
738 392 811 421 sicut
830 392 926 421 Livius
943 396 1049 424 narrat,
1069 391 1201 419 Romano
1218 399 1271 428 po-

207 435 275 472 pulo
300 435 412 463 nuntiat
441 443 591 473 regressus
614 444 628 463 a
650 434 801 463 Britannia
824 434 918 463 insula
946 438 1037 462 totum
1061 433 1163 462 orbem
1181 437 1271 461 terra-

207 486 272 505 rum
289 481 345 505 tam
362 477 437 506 hello
454 486 541 514 quam
558 477 691 506 amicitiis
708 476 840 505 Romano
858 476 980 514 imperio
998 476 1075 514 pacis
1092 474 1271 504 abundantia

206 519 364 548 subditum.
396 519 541 558 Appom'us
564 521 594 548 in
617 521 758 548 canticum
781 520 957 548 canticorum
972 527 1010 546 x11
1028 518 1056 546 S.
1075 519 1133 548 237
1152 516 1272 551 (Romae

210 562 310 596 1843).

292 622 306 639 ss
325 618 366 660 [C
383 620 532 658 Augustus
548 619 652 648 Caesar
674 624 806 648 octavum
830 624 855 648 et
874 619 909 648 M.
927 619 1051 648 Silanus.
1084 619 1127 647 his
1143 617 1272 647 consuli-

208 662 262 691 bus
276 662 451 696 Cantabros.
475 662 651 695 Germanos,
676 662 806 690 Salassos
823 662 927 690 Caesar
950 661 1113 699 perdomuit
1137 661 1173 697 (a.
1197 669 1224 688 u.
1248 669 1272 688 c.

209 705 284 738 729:
301 713 325 732 a.
343 704 409 732 Chr.
428 713 455 732 n.
474 705 534 737 25).
569 703 691 733 Cassiod.
708 702 817 742 chron]

293 765 308 781 *
326 761 356 803 [ἦ-
373 762 401 791 C.
419 763 566 800 Augustus
583 763 687 791 Caesar
710 771 822 791 nonum
846 767 874 791 et
890 763 919 792 C.
936 761 1102 791 Norbanus.
1140 761 1184 790 his
1202 770 1273 789 con-

207 804 319 834 sulihns
332 805 451 833 Astures
465 809 491 833 et
506 805 641 833 Cantabri
657 814 707 842 per
722 804 751 832 l..
767 804 894 834 Lamiam
908 804 1061 842 perdomiti
1074 808 1109 839 (a.
1123 812 1150 831 u.
1162 812 1185 831 c.
1197 804 1273 839 7303

209 857 232 875 a.
251 847 316 876 Chr.
335 857 363 876 n.
382 848 441 881 24).
477 847 599 876 Cassiod.
616 844 725 886 chron]

633 930 702 954 LIB.
722 929 851 954 CXXXVI.

295 982 434 1001 Pantoan
451 983 504 1001 mn.
522 982 622 1001 cxxxv1
639 973 718 1011 fehlt.

295 1032 346 1067 65)
363 1032 434 1061 Item
452 1032 483 1060 T.
501 1032 598 1061 Livius
614 1032 688 1061 libro
706 1041 821 1060 cxxxvi:
842 1028 957 1059 ‘eodem
978 1039 1056 1059 anno
1074 1030 1157 1059 ludos
1173 1039 1273 1058 saecu-

210 1074 284 1103 lares
297 1074 401 1103 Caesar
417 1074 529 1112 ingenti
546 1075 684 1112 adparatu
702 1074 777 1108 feeit.
795 1083 869 1111 quos
885 1073 1044 1102 centesimo
1061 1081 1177 1110 quoque
1195 1081 1274 1100 auno

212 1116 282 1145 —is
295 1116 373 1145 enim
387 1117 530 1146 terminus
541 1117 648 1145 saeculi
659 1133 693 1136 —
705 1116 766 1144 lieri
781 1111 862 1144 mos'.
894 1114 1038 1144 Censorin.
1052 1114 1084 1143 ste
1096 1114 1139 1143 die
1152 1119 1210 1143 nac.
1227 1115 1274 1148 17,

210 1158 238 1187 S.
256 1160 305 1192 45,
323 1160 340 1188 3
359 1159 391 1187 Ο.
409 1158 488 1187 [alm.

296 1219 311 1236 *
334 1216 365 1257 [ᾧ
387 1217 423 1245 Μ.
448 1217 588 1255 Apuleius
610 1221 636 1245 et
663 1216 692 1245 P.
716 1216 812 1246 Silius.
848 1216 891 1244 his
917 1214 1088 1244 consulibus
1111 1214 1221 1252 aquilas
1248 1218 1288 1243 et-

210 1259 291 1297 signa
309 1259 461 1288 Crassiana
483 1260 517 1288 tle
535 1259 648 1288 Parthis
665 1258 770 1288 Caesar
792 1258 902 1296 recepit
925 1261 959 1289 (a.
978 1267 1005 1286 u.
1023 1266 1047 1285 c,
1064 1258 1141 1291 734;
1163 1266 1187 1285 a.
1209 1256 1274 1285 Chr.

212 1311 240 1330 n.
259 1302 319 1337 20).
354 1301 477 1331 Cassiod.
494 1299 602 1340 chron]

296 1359 311 1375 *
328 1359 358 1400 [†
375 1360 403 1389 C.
422 1360 541 1389 Sentius
557 1364 582 1389 et
601 1360 635 1394 Q,
653 1359 815 1388 Lueretius.
852 1359 895 1388 his
917 1357 1088 1387 consulibus
1105 1357 1217 1387 Caesari
1241 1365 1275 1385 ex

212 1402 369 1441 provinciis
385 1402 519 1431 redeunti
542 1411 646 1430 currus
668 1412 734 1431 eum
751 1411 860 1430 corona
877 1410 962 1429 aurea
987 1401 1121 1429 decretus
1137 1404 1194 1434 est,
1217 1408 1276 1437 quo

212 1444 370 1473 ascendere
388 1444 480 1473 noluit
498 1446 533 1479 (a.
552 1453 579 1472 u.
596 1453 620 1472 r.
639 1445 714 1480 735;
731 1453 755 1472 a.
774 1444 839 1472 Chr.
858 1453 885 1472 n.
908 1444 964 1478 19).
999 1442 1120 1471 Cassiod.
1138 1439 1246 1480 chron]

298 1512 435 1532 remotum
452 1512 505 1532 Lm.
522 1512 632 1531 cxxxvu
648 1503 726 1540 fehlt.

628 1585 693 1609 [ΑΒ.
714 1585 798 1609 CXXX
806 1585 863 1609 Vlll.

298 1638 655 1658 minoem1.113.‹3xxxv1u.
686 1628 766 1657 Raeti
790 1638 804 1657 a
828 1628 870 1656 Ti.
888 1628 1004 1656 Nerone
1027 1632 1055 1656 et
1072 1627 1180 1661 Druso,
1206 1626 1276 1655 Cae-

214 1673 285 1701 saris
309 1672 465 1710 privignis,
489 1671 599 1700 domiti.
636 1671 777 1709 Agrippa.
802 1670 932 1699 Caesaris
953 1678 1058 1708 gener,
1083 1673 1225 1697 mortuus.
1262 1678 1277 1697 a

214 1714 308 1743 Druso
326 1724 432 1743 census
449 1718 530 1743 actus
547 1717 599 1742 est.
1147 1724 1150 1726 v

625 1796 657 1820 Ll
667 1795 693 1820 Β.
712 1794 871 1819 CXXXVllll.

299 1858 437 1877 ramalem
453 1858 507 1877 Lm.
524 1857 666 1877 ssxxxvnn.
697 1847 830 1877 Civitates
846 1846 1017 1875 Germaniae
1040 1846 1080 1874 cis
1097 1845 1232 1874 Rhenum
1249 1849 1278 1873 et

215 1897 294 1921 trans
312 1891 446 1920 Rhenum
463 1891 573 1929 positae
596 1895 807 1929 oppugnantur
829 1899 843 1917 a
866 1889 975 1922 Druso,
998 1893 1026 1916 et
1048 1888 1204 1923 tumultus7
1228 1887 1278 1925 qni

1262 2073 1350 2143 A
