1367 2143
531 105 587 130 ΜΒ,
607 104 763 130 Lx—thll.
1122 103 1181 132 149

114 191 264 226 Bituitum,
277 191 473 220 Arvernorum
490 199 599 229 regem,
617 190 739 220 feliciter
756 190 903 229 pugnavit.
936 199 967 219 ex
984 189 1084 219 Bituiti
1101 199 1182 219 exer-

112 234 170 264 citu
184 233 279 263 occisa
292 232 370 262 milia
383 238 501 262 centum
519 232 634 271 viginti3
652 232 714 271 ipse
727 241 793 262 cum
806 232 839 262 ad
850 232 1084 262 satisfaciendum
1097 241 1181 262 sena-

113 276 152 306 tui
170 275 291 305 Romam
307 275 456 314 profectus
473 280 563 312 esset,
587 275 687 304 Albam
705 274 915 304 custodiendus
931 275 1015 304 datus
1032 278 1090 310 est,
1115 274 1181 313 quia

112 323 212 348 contra
230 327 330 358 pacem
352 317 517 353 videbatur,
541 321 570 347 ut
594 317 624 346 in
642 316 762 346 Galliam
788 317 994 347 remitteretur.
1032 317 1191 347 decretum·

112 370 230 400 quoque
247 365 300 396 est,
318 364 347 390 ut
363 359 629 398 Congonnetiacus,
646 359 723 388 filius
735 359 807 395 eius,
824 360 1046 399 conprehensus
1060 359 1181 389 Romam

112 403 284 432 mitteretur.
314 402 486 441 Allobroges
509 402 538 432 in
555 402 731 431 deditionem
747 402 870 440 accepti.
898 401 930 431 L.
945 402 1079 441 Opimius
1095 411 1181 431 accu-

111 451 190 475 satus
205 445 281 484 apud
298 445 441 484 populum
460 454 475 474 a
492 444 524 478 Q.
542 443 630 474 Decio
648 443 765 473 tribuno
784 444 886 483 plebis,
904 445 981 483 quod
998 445 1182 474 indemnatos

113 488 188 518 cives
204 488 234 517 in
251 496 397 517 carcerem
414 487 595 521 coniecisset,
611 486 764 516 absolutus
780 490 832 516 est.

181 547 203 572 2.
222 548 264 575 es]
284 545 399 570 Hdsehn:
420 547 456 573 et;
475 544 553 569 Jahn:
568 554 628 570 ε».-
642 546 664 570 7.
682 547 825 574 sociorum
839 544 969 577 eingestigt
983 545 1046 569 nach
1056 545 1181 576 jungerem

112 579 214 604 Hdsclir.
234 593 266 598 ——
287 580 324 604 18.
344 580 453 611 accepta]
473 579 536 603 nach
555 579 594 604 ed.
614 587 663 611 pr.;
683 578 800 603 Hdsclir.:
820 580 927 611 recepti.

196 638 212 656 '¹‘
228 639 291 676 [Cn.
314 639 458 668 Domitius
480 644 507 668 et
531 638 561 668 C.
584 639 723 668 Fannius.
754 639 799 668 his
821 639 994 668 consulibus
1015 639 1045 669 C.
1063 639 1180 668 Sextius

111 682 252 721 oppidum
268 681 436 717 aedificavit,
454 682 483 710 in
498 690 556 720 quo
569 691 661 720 aquae
674 681 797 717 Sextiae,
816 681 844 710 in
859 681 959 711 Galliis
972 683 1010 718 (a.
1024 691 1053 711 u.
1067 691 1091 710 c.
1106 682 1181 715 632;

110 733 134 754 a.
152 723 218 753 Chr.
237 734 265 754 n.
284 724 365 760 122).
401 723 524 753 Cassiod.
541 722 654 762 chrow]

572 814 638 839 ΗΒ.
659 814 727 838 Lxu.

195 875 334 895 meroem
351 876 405 895 Lm.
422 875 489 895 Lxu.
520 866 553 900 Q.
571 866 696 895 Marcius
712 866 816 895 consul
833 866 950 904 Stynos,
969 871 1085 904 gentem
1102 866 1184 905 Alpi-

112 917 189 944 nam,
203 909 388 948 expugnavit.
416 908 547 948 Micipsa,
564 908 715 938 Numidiae
728 917 787 943 rex,
805 912 938 937 mortuus
951 917 1074 947 regnum
1088 908 1183 938 tribus

111 950 177 980 tiliis
194 951 321 990 reliquit,
339 951 503 986 Adherbali,
521 950 689 989 Hiempsali,
706 950 872 989 iugurthae,
889 950 986 980 fratris
1003 951 1078 987 filio,
1095 960 1182 990 quem

110 993 304 1032 adoptaverat.
341 993 373 1022 L.
396 993 539 1022 Caecilius
561 992 694 1022 Metellus
716 992 860 1022 Dalmatas
882 993 1005 1031 subegit.
1043 993 1183 1032 Iugurtha

110 1035 306 1074 Hiempsalem
330 1036 446 1065 tratrem
470 1035 554 1074 petiit
577 1034 671 1069 bello,
700 1035 750 1074 qui
772 1035 864 1064 victus
887 1035 1046 1071 ocei<litur;
1073 1035 1184 1065 Adher-

110 1077 204 1107 balem
221 1086 314 1116 regno
331 1077 451 1116 expulit.
479 1078 502 1107 is
519 1087 534 1106 a
551 1082 652 1107 senatu
669 1077 821 1107 restitutus
838 1081 890 1107 est.
919 1077 951 1106 L.
969 1077 1110 1107 Caecilius
1123 1077 1183 1107 Me-

110 1119 212 1156 tellus,
234 1119 286 1149 Cn.
304 1119 447 1150 Domitius
464 1119 676 1149 Ahenobarbus
692 1129 831 1149 censores
854 1119 928 1149 duos
953 1124 982 1149 et
997 1120 1115 1158 triginta
1138 1129 1184 1149 se-

111 1166 180 1192 natu
196 1167 359 1192 moverunt.
390 1167 538 1202 praeterea
555 1166 652 1191 motus
669 1161 769 1200 Syriae
785 1171 947 1201 regumque
963 1162 1104 1191 continet.

195 1231 211 1249 *
228 1230 259 1269 Η·
275 1230 313 1258 Μ.
333 1229 466 1259 Metellus
484 1236 511 1259 et
527 1230 564 1258 M.
582 1229 719 1259 Scaurus.
750 1230 795 1259 his
812 1229 983 1259 consulibus
999 1230 1030 1258 L.
1049 1229 1184 1259 Metellus

111 1277 139 1301 et
161 1272 213 1301 Cn.
236 1272 381 1301 Domitius
405 1281 542 1302 censores
563 1276 654 1301 artem
676 1271 814 1301 ludicram
839 1281 872 1301 ex
900 1272 972 1301 urbe
995 1276 1185 1301 removerunt

112 1319 226 1353 praeter
242 1314 379 1343 Latinum
396 1314 545 1344 tibicinem
563 1323 629 1343 cum
645 1320 763 1343 cantore
787 1319 813 1343 et
830 1314 930 1344 ludum
954 1314 1085 1344 talarium
1103 1317 1138 1352 (a.
1156 1324 1184 1344 u.

113 1366 137 1385 e.
155 1357 231 1392 639;
249 1366 274 1385 a.
291 1356 358 1385 Chr.
377 1366 404 1386 n.
425 1358 506 1392 115).
542 1356 666 1386 Cassiod.
683 1356 791 1393 chron.]

181 1407 203 1430 3.
224 1406 360 1435 talariam]
380 1406 453 1431 datur
471 1406 558 1431 Hertz:
577 1406 736 1430 Atellanam.

564 1489 632 1514 LlB.
652 1489 732 1514 ant.

198 1551 336 1571 muroena
353 1551 408 1570 LlB.
425 1551 503 1571 ant.
535 1541 566 1571 C.
583 1541 704 1571 Porcius
727 1541 832 1571 consul
854 1541 884 1570 in
900 1541 1022 1571 Thracia
1046 1541 1121 1571 male
1137 1542 1187 1571 ad-

111 1593 214 1613 versus
230 1583 401 1613 Scordiscos
418 1584 565 1623 pugnavit.
593 1583 718 1614 lustrum
734 1594 749 1613 a
767 1583 941 1613 censoribus
957 1583 1107 1613 conditum
1125 1589 1185 1619 est;

113 1635 198 1656 censa
221 1631 290 1655 sunt
313 1626 418 1656 civium
434 1626 529 1665 capita
546 1630 675 1656 trecenta
693 1626 851 1663 nonaginta
870 1630 1009 1665 quattuor
1030 1625 1109 1655 milia
1127 1630 1186 1655 tre-

113 1672 196 1698 centa
218 1669 338 1707 triginta
364 1678 422 1698 sex.
455 1669 592 1705 Aemilia,
614 1669 744 1704 Licinia,
768 1668 873 1698 Mareia
902 1668 1028 1706 virgines
1056 1668 1184 1697 Vestales

113 1711 214 1740 incesti
233 1711 384 1740 damnatae
400 1715 467 1741 sunt
478 1734 485 1747 ,
502 1711 588 1750 idque
604 1711 749 1740 incestum
769 1720 855 1750 quem
872 1711 906 1740 ad
925 1711 1044 1739 niodum
1061 1715 1090 1740 et
1105 1719 1186 1740 com-

112 1753 232 1783 missum
250 1758 276 1783 et
290 1754 507 1793 deprehensum
524 1759 550 1783 et
564 1754 739 1783 vindicatum
752 1754 798 1789 sit,
814 1753 949 1783 refertur.
977 1752 1097 1788 Cimbri,
1113 1762 1186 1791 gens

112 1804 191 1834 vaga,
208 1796 410 1835 populabundi
426 1796 455 1825 in
472 1795 618 1835 Illyricum
639 1801 799 1832 venerunt;
823 1795 858 1825 ab
881 1795 926 1825 his
942 1795 1075 1834 Papirius
1092 1795 1185 1825 Carbo

113 1838 216 1867 consul
238 1847 304 1867 cum
328 1838 455 1868 exercitu
478 1838 561 1868 fusus
584 1843 635 1868 est.
667 1838 766 1868 Livius
787 1838 900 1868 Drusus
922 1837 1026 1867 consul
1049 1838 1187 1867 adversus

113 1879 298 1917 Scordiscos,
321 1885 438 1919 gentem
461 1890 476 1910 a
493 1880 583 1911 Gallis
600 1881 770 1917 oriundam,
793 1881 823 1910 in
840 1880 962 1910 Thracia
985 1879 1108 1910 feliciter
1130 1889 1184 1919 pu-

113 1922 220 1960 gnavit.

1205 279 1232 304 15

1206 490 1233 514 20

1210 1924 1238 1948 to
