1367 2143
172 567 199 591 10

170 777 196 801 15

168 988 196 1012 20

169 1198 196 1222 25

169 1409 197 1432 30

169 1619 196 1642 35

168 1829 196 1853 40

223 95 283 125 198
599 96 671 121 IVLII
691 96 912 126 OBSEQVENTIS

223 187 307 212 natus
324 187 350 212 et
367 183 395 211 in
414 183 521 211 flumen
539 182 676 211 deiectus.
709 182 837 220 virgines
860 185 904 211 ter
925 191 1055 211 novenae
1077 188 1214 213 canentes
1232 192 1281 212 nr-

222 225 288 254 bem
304 225 511 255 lustraverunt.

310 278 325 295 21<
349 278 364 295 ss
389 267 418 296 in
442 267 520 295 Italia
543 267 633 295 multa
656 266 732 295 milia
759 275 924 301 servorum,
952 275 1024 304 quae
1051 267 1282 299 coniuraverant.

222 319 307 347 aegre
329 309 540 348 comprehensa
563 313 589 338 et
613 309 756 347 supplicio
778 313 960 347 consumpta.
998 308 1026 337 in
1051 308 1146 337 Sicilia
1173 309 1282 347 fugitivi

221 352 369 381 Romanos
386 351 529 380 exercitus
546 355 733 380 necaverunt.
766 351 918 380 Numantia
935 350 1037 379 diruta.

307 394 346 424 28
364 391 437 433 [87].
470 393 498 422 C.
517 393 635 422 Claudio
655 393 690 421 M.
710 393 857 431 Perperna
882 392 1053 422 consulibus
1076 393 1166 421 Reate
1189 393 1284 422 mulus

222 445 288 465 cum
309 436 439 473 quinque
456 435 579 473 pedibus
602 440 695 464 natus.
727 435 835 463 Romae
858 435 886 463 in
904 435 1085 464 Graecostasi
1107 435 1179 463 lacte
1201 434 1283 473 pluit.

222 478 308 516 lupus
325 482 353 506 et
369 478 449 506 canis
466 477 564 507 Ostiae
580 481 745 515 pugnantes
762 477 883 506 fulmine
900 477 1063 506 exanimati.
1097 486 1165 515 grex
1190 476 1284 505 ovium

223 521 251 548 in
266 520 368 558 Apulia
384 519 404 556 †
420 524 537 558 praetor
554 520 653 558 populi
670 519 793 548 Romani
811 529 870 548 uno
887 520 944 548 ictu
958 519 1080 548 fulmine
1096 519 1284 548 exanimatus.

223 562 397 591 Tarracinae
414 571 518 591 sereno
537 562 615 590 navis
631 562 725 591 velum
743 562 864 590 fulmine
880 561 900 599 †
916 561 1111 590 exanimatum
1136 561 1164 590 in
1181 570 1285 599 aquam

222 605 375 639 deiectum,
392 609 417 632 et
435 603 454 640 ’[-
472 605 618 642 impensas
635 613 746 639 omnes,
767 613 840 641 quae
857 603 895 632 ibi
913 608 1005 637 erant,
1024 603 1099 641 ignis
1117 603 1286 641 absumpsit.

224 647 252 674 Ρ.
271 647 390 675 Crassus
406 647 542 675 adversus
559 646 756 675 Aristonicum
774 646 914 674 dimicans
931 646 1052 674 occisus.
1084 645 1227 683 Apollinis
1247 645 1285 674 si-

222 689 383 717 mulacrum
398 688 494 717 Cwm‘s
509 688 667 716 lacrimavit
682 697 736 726 per
749 687 951 725 quadriduum.
978 692 1056 717 vates
1069 687 1286 725 responderunt

222 730 359 759 Graeciae
376 731 438 758 sore
456 730 584 764 exitium,
601 730 679 758 unde
697 730 852 758 deductum
870 734 954 758 esset.
985 729 1178 758 sacrificatum
1196 734 1258 758 tum
1272 738 1284 757 a

220 772 358 801 Romanis
385 772 520 809 donaque
549 772 577 800 in
606 772 714 810 templo
742 772 844 810 posita.
890 771 1013 809 Phrygia
1039 781 1053 798 ³1<
1078 775 1195 809 recepta
1222 771 1285 800 Asia

222 815 306 843 Attali
329 818 502 843 testamento
526 814 617 851 legata
641 813 788 842 Romanis.
834 813 994 847 Antiocho,
1017 813 1077 851 regi
1103 813 1218 851 Syriae,
1242 813 1285 841 in-

221 857 300 895 genti
318 857 446 885 exercitu
464 856 612 884 dimicanti
635 856 808 884 hirundines
830 856 858 884 in
885 855 1074 884 tabernaculo
1092 855 1192 884 nidum
1210 856 1286 883 sece-

222 904 299 927 runt.
332 908 390 936 quo
407 898 541 936 prodigio
561 898 694 936 neglecto
712 898 855 936 proelium
873 897 1016 926 commisit
1034 901 1058 926 et
1077 906 1091 925 a
1110 897 1221 926 Parthis
1238 906 1287 926 oc-

222 941 298 970 cisus
315 946 366 969 est.

304 981 378 1022 [85]
415 982 443 1011 C.
468 982 635 1021 Sempronio
659 981 707 1010 M!
731 982 851 1020 Aquillio
875 982 1036 1011 consulibus
1062 992 1077 1009 ,ιι
1097 991 1113 1009 21<
1135 981 1170 1009 M.
1195 981 1285 1009 Fulvii

222 1025 313 1053 Flacci
332 1025 474 1054 triumviri
493 1035 508 1052 ηε
525 1024 735 1053 *dissensione
753 1023 781 1052 in
800 1023 911 1061 legibus
928 1023 1056 1052 ferendis
1074 1033 1088 1051 να
1106 1033 1122 1051 >κ
1137 1045 1143 1051 .
1176 1032 1286 1061 angues

220 1068 277 1096 duo
295 1067 370 1104 nigri
388 1067 416 1095 in
435 1067 505 1095 cella
520 1066 663 1095 Minervae
681 1066 779 1103 allapsi
796 1066 908 1094 civilem
925 1066 1041 1094 caedem
1062 1065 1286 1103 portenderunt.

306 1110 344 1139 29
362 1107 436 1148 [89]
469 1109 503 1137 M.
522 1108 643 1137 Aemilio
665 1108 696 1136 L.
714 1108 831 1136 Aurelio
854 1108 1024 1137 consulibus
1047 1112 1191 1135 nocturna
1213 1112 1286 1135 tem·

221 1155 331 1190 pestate
344 1151 372 1179 in
388 1151 528 1189 Capitolio
546 1151 653 1187 aliquot
668 1149 775 1187 templa
792 1159 933 1179 csmcussa
947 1154 1025 1178 sunt.
1050 1149 1157 1177 Romae
1171 1154 1197 1177 et
1211 1149 1287 1178 circa

220 1194 341 1222 fulmine
365 1193 502 1230 pleraque
529 1193 638 1221 deiecta
662 1197 738 1221 sunt.
771 1193 864 1220 Aetna
888 1201 972 1221 mons
989 1196 1082 1220 terrae
1105 1195 1186 1220 motu
1205 1191 1288 1229 ignes

220 1244 309 1274 super
324 1235 460 1263 verticem
478 1235 533 1263 late
550 1234 677 1269 dill'udit⁷
702 1238 730 1262 et
745 1234 779 1262 ad
797 1234 906 1263 insulas
924 1234 1041 1272 Liparas
1056 1242 1135 1262 mare
1152 1232 1286 1262 efferbuit
1311 1251 1316 1255 ·

220 1283 249 1306 et
265 1277 435 1315 quibusdam
454 1277 563 1305 adustis
580 1276 700 1305 navibus
716 1285 822 1314 vapore
839 1276 993 1314 plerosque
1011 1275 1125 1304 navales
1142 1275 1286 1305 exanima-

220 1320 272 1354 vit,
295 1319 417 1357 piscium
434 1319 489 1347 vim
512 1327 647 1356 magnam
671 1318 832 1347 exanimem
850 1318 999 1356 dispersit,
1024 1327 1097 1355 quos
1113 1317 1288 1355 Liparenses

220 1362 328 1390 avidius
345 1361 438 1399 epulis
461 1365 633 1398 appetentes
655 1360 903 1389 contaminatione
919 1360 1029 1389 ventris
1044 1360 1226 1397 consumpti,
1250 1360 1288 1388 ita

220 1410 251 1432 ut
268 1412 341 1432 nova
358 1403 523 1441 pestilentia
546 1407 730 1431 vastarentur
746 1402 867 1431 insulae.
899 1402 976 1439 quod
994 1402 1158 1440 prodigium
1174 1401 1288 1439 aruspi-

221 1455 286 1474 cum
304 1454 446 1482 responso
463 1445 651 1479 seditionem,
675 1453 748 1482 quae
767 1449 831 1482 post
848 1449 979 1482 tempore
997 1444 1104 1482 patuit„
1129 1443 1287 1481 portendit.

306 1488 344 1517 30
363 1485 436 1527 [90]
468 1487 504 1515 Μ.
521 1487 633 1515 Plautio
651 1486 687 1515 Μ.
706 1486 804 1514 Fulvio
822 1486 992 1515 consulibus
1008 1486 1037 1514 in
1055 1485 1210 1515 arboribus
1226 1486 1287 1514 sru-

220 1539 269 1568 ges
287 1533 369 1558 natae
386 1534 463 1558 sunt.
495 1529 558 1557 oleo
576 1533 603 1557 et
619 1528 691 1557 lacte
708 1528 736 1556 in
756 1528 874 1556 Veiente
892 1528 973 1566 pluit.
1005 1528 1083 1556 bubo
1101 1528 1129 1556 in
1147 1528 1286 1566 Capitolio

220 1572 306 1601 visus.
337 1571 422 1608 Arpis
443 1571 574 1609 lapideus
589 1570 682 1599 imber
705 1570 799 1598 triduo
819 1580 833 1597 >k
854 1580 868 1597 ὴ
887 1570 1022 1608 apparuit
1039 1570 1218 1599 locustarum
1242 1570 1287 1598 iu-

219 1614 299 1652 genti
314 1613 429 1650 agmine
446 1613 474 1641 in
493 1613 603 1647 Africa,
625 1622 699 1650 (piae
716 1621 730 1640 a
746 1616 833 1641 vento
851 1612 878 1640 in
897 1621 975 1641 mare
992 1612 1119 1641 deiectae
1136 1611 1287 1640 fluctibus-

221 1665 277 1694 que
301 1656 408 1684 eiectae
431 1655 520 1684 odore
544 1654 718 1683 intolerabili
735 1654 855 1692 Cyrenis
877 1655 1081 1693 mortiseroque
1100 1663 1205 1691 vapore
1221 1662 1287 1691 gra-

220 1707 282 1726 vem
301 1698 494 1736 pestilentiam
511 1698 644 1726 fecerunt
662 1696 775 1735 pecori;
799 1696 1009 1734 bominumque
1026 1696 1194 1734 octingenta
1210 1695 1287 1724 milia

220 1744 394 1777 consumpta
412 1739 476 1768 tabe
492 1739 639 1777 proditum
654 1743 704 1767 est.
732 1738 889 1776 Fregellae,
907 1747 980 1776 quae
993 1739 1128 1767 adversus
1140 1738 1287 1766 Romanos

222 1782 460 1813 coniuraverunt.
478 1782 598 1810 dirutae.
631 1781 753 1819 Ligures
770 1780 880 1818 Sallyes
897 1781 1041 1809 trucidati.

306 1825 339 1853 :31
362 1822 435 1863 [91].
468 1824 496 1852 (2.
515 1823 611 1852 Cassio
635 1823 769 1861 Longino
787 1822 815 1851 C.
834 1822 930 1851 Sextio
954 1822 1124 1851 consulibus
1146 1822 1175 1850 iu
1199 1821 1287 1850 Grae-

294 1882 328 1905 10.
348 1883 453 1911 aquam]
468 1881 531 1905 nach
543 1880 658 1912 HHaupt;
673 1879 741 1904 Ald.:
757 1888 834 1911 aqna.
844 1893 876 1897 -
887 1881 926 1904 20.
942 1880 966 1904 C.
977 1880 1131 1911 Sempronio
1142 1879 1184 1904 ills
1196 1879 1287 1910 Aquil-

222 1916 257 1939 lio
276 1915 436 1943 consulibus]
457 1914 587 1946 eingestigt
607 1914 670 1938 nach
689 1913 762 1939 Jalm.
