1367 2143
506 103 564 129 LlB.
587 103 666 129 ctu-
672 103 733 129 cvt.
1093 100 1149 130 171

82 194 258 220 armatorum
276 190 353 220 mille
370 194 576 229 superessent,
599 199 633 219 ex
655 188 797 219 sescentis
813 187 998 218 senatoribus
1015 193 1073 218 tres
1090 192 1153 218 tan-

82 237 143 262 tum
167 233 330 262 evaderent.
371 232 434 271 lege
458 232 512 262 lata
541 232 576 262 de
598 231 756 270 redigenda
779 230 808 259 in
833 230 1000 269 provinciae
1030 231 1152 260 sormam

82 274 178 314 Cypro
195 281 221 305 et
238 275 414 315 publicanda
438 275 561 314 pecunia
583 274 662 312 regia
679 274 716 303 M.
734 272 837 302 Catoni
860 273 1072 303 administratio
1090 273 1152 303 eius

80 317 122 347 rei
138 318 270 348 mandata
288 322 339 348 est.
374 317 566 352 Ptolemaeus,
583 316 706 355 Aegypti
723 325 787 351 rex,
804 314 841 344 ob
860 315 995 351 iniurias,
1014 325 1085 354 quas
1101 325 1152 355 pa-

80 359 205 390 tiebatur
220 370 235 390 3
252 360 330 395 suis,
353 369 444 398 regno
467 360 563 390 relicto
580 359 701 388 Romam
724 358 811 387 venit.
848 357 878 387 C.
895 357 999 387 Caesar
1015 358 1151 393 Venetos,

79 408 195 440 gentem
221 403 338 432 Oceano
361 403 505 438 iunctam,
531 402 622 432 navali
646 400 758 440 proelio
782 399 857 429 vicit.
892 405 1041 439 praeterea
1066 410 1112 430 res
1137 410 1153 430 a

80 444 181 483 legatis
198 446 260 475 eius
277 445 376 474 eadem
394 446 512 474 fortuna
528 449 622 483 gestas
639 443 779 473 continet.

148 505 170 527 Τ.
190 505 327 533 emm-ante]
347 503 410 527 113(·11
430 502 517 531 Drak.;
537 501 610 527 Naz.·.
631 503 765 529 e.1·‹·1·c·nl‹¹;
785 501 894 531 jungere
913 499 1031 525 Hdscluz:
1059 503 1152 525 orante

79 536 140 561 oder
158 539 304 561 met-vente.
324 551 355 555 «-
376 538 398 562 8.
418 538 520 567 agente]
540 535 670 567 eingesiigt
692 535 755 559 nach
775 534 813 559 ed.
833 534 910 566 princ.
931 548 963 551 —
992 536 1029 559 19.
1048 534 1153 564 relicto]

79 571 209 603 oingest'igt
230 571 293 595 nat-lt
313 570 391 595 1131111.

164 633 179 651 *
196 630 226 668 11
242 630 272 659 P.
292 630 433 659 Lentulus
450 634 477 659 et
494 628 527 663 Q.
544 629 687 659 Metellus.
718 628 763 657 bis
780 628 952 657 consulibus
969 634 1091 667 propter
1108 629 1150 658 ci-

78 673 148 702 viles
163 673 362 702 dissensiones
378 681 430 711 per
447 676 565 701 senatus
581 671 749 700 consultum
766 671 801 699 de
815 670 899 699 exilio
914 670 1015 700 Cicero
1033 680 1151 700 revoca-

79 719 127 744 tur
143 716 179 752 (a.
197 724 224 744 u.
242 724 266 744 c.
284 716 362 750 697;
380 723 404 743 a.
421 714 488 744 Cbr.
507 724 535 743 u.
553 715 615 751 57).
648 713 773 743 Cassiod.
791 713 898 749 chroro]

548 804 615 829 LlB.
636 804 685 830 CV.

164 866 300 887 1311108111
323 866 376 886 Lm.
395 866 437 885 cv.
472 856 545 886 Cum
569 857 598 886 C.
617 856 735 886 Catonis
759 856 868 886 tribuni
891 857 986 896 plebis
1008 857 1150 886 interces-

77 900 210 930 sionibus
227 899 342 929 comitia
360 899 541 935 tollerentur,
558 904 677 929 senatus
693 904 801 929 vestem
818 899 949 929 mutavit.
980 899 1017 928 M.
1036 898 1104 928 Cato
1121 899 1151 928 in

77 943 219 982 petitione
242 946 395 981 praeturae
418 941 547 980 praelato
564 941 678 971 Vatinio
700 941 846 980 repulsam
870 942 944 971 tulit.
979 942 1066 977 idem,
1085 951 1151 971 cum

77 986 170 1024 legem
194 984 362 1023 impediret,
389 993 445 1022 qua
468 984 637 1023 provinciae
661 983 832 1013 consulibus
855 984 883 1013 in
902 984 1151 1023 quinquennium,

76 1027 217 1067 Pompeio
234 1026 402 1065 Hispaniae,
419 1026 523 1056 Crasso
540 1026 622 1065 Syria
639 1031 667 1055 et
683 1026 850 1055 Parthicum
872 1026 980 1056 bellum
998 1026 1151 1063 dabantur,

76 1080 91 1100 a
108 1070 138 1099 C.
156 1069 302 1099 Trebonio
321 1068 438 1098 tribuno
464 1068 572 1108 plebis,
597 1069 670 1107 legis
692 1073 829 1103 auctore,
852 1069 880 1098 in
906 1069 1021 1098 vincula
1043 1069 1151 1099 ductus

76 1117 128 1142 est.
177 1113 209 1140 A.
238 1111 379 1140 Gabinius
406 1111 566 1150 proconsul
593 1110 792 1140 Ptolemaeum
820 1111 935 1141 reduxit
967 1111 996 1140 in
1024 1121 1150 1150 regnum

75 1154 198 1193 Aegypti
222 1154 306 1183 eiecto
331 1153 489 1189 Archelao,
521 1163 608 1192 quem
633 1153 687 1183 sibi
708 1163 806 1192 regem
835 1154 1025 1183 adsciverant.
1066 1154 1151 1184 victis

77 1196 231 1226 Germanis
247 1196 275 1224 in
291 1195 382 1225 Gallia
396 1195 500 1225 Caesar
511 1195 647 1225 Rhenum
664 1196 842 1225 transcendit
860 1201 888 1226 et
905 1196 1066 1235 proximam
1083 1206 1150 1236 par-

76 1245 134 1269 tem
151 1238 323 1268 Germaniae
346 1238 459 1267 domuit
482 1248 515 1267 ac
540 1238 644 1268 deinde
662 1238 779 1268 Oceano
798 1239 826 1267 in
844 1238 1036 1268 Brittanniam
1056 1240 1152 1278 primo

76 1291 180 1322 parum
197 1290 337 1320 prospere
354 1280 576 1319 tempestatibus
600 1281 728 1310 adversis
751 1281 877 1317 traiecit,
901 1281 1005 1310 iterum
1027 1282 1151 1318 felicius,

76 1333 240 1362 magnaque
256 1322 445 1352 multitudine
460 1323 589 1353 hostium
613 1333 695 1353 caesa
719 1322 846 1362 aliquam
861 1328 974 1363 partem
991 1324 1105 1354 insulae
1121 1325 1150 1354 in

76 1371 250 1406 potestatem
266 1365 386 1403 redegit.

163 1424 234 1460 *33)
251 1425 385 1454 Formam
403 1425 493 1454 totius
510 1424 676 1454 Britanniae
693 1425 791 1454 Livius
806 1429 947 1461 veterum,
968 1425 1075 1455 Fabius
1093 1426 1152 1456 Ru-

79 1468 170 1497 sticus
193 1467 355 1497 recentium
380 1467 611 1506 eloquentissimi
635 1472 770 1496 auctores
792 1467 936 1506 oblongae
960 1468 1091 1498 scutulae
1107 1469 1152 1498 vel

78 1510 200 1550 bipenni
216 1509 434 1539 adsimulavere.
470 1509 532 1539 Tac.
548 1510 641 1548 Aqrt'c.
662 1511 708 1540 10.

164 1570 234 1602 *34)
251 1568 420 1598 Britanniae
444 1567 512 1598 licet
532 1568 764 1607 magnitudinem
788 1569 857 1598 olim
882 1578 986 1603 nemo.
1008 1574 1040 1599 ut
1063 1570 1152 1600 refert

77 1612 191 1647 Livius,
215 1611 427 1641 circumvectus
443 1615 501 1645 est,
524 1611 623 1641 multis
644 1615 742 1640 tamen
759 1611 823 1640 data
840 1616 882 1641 est
898 1612 974 1641 varia
999 1612 1099 1651 opinio
1117 1613 1152 1642 de

78 1664 110 1684 ea
127 1654 277 1694 loquendi.
309 1653 466 1683 Iornandes
481 1654 513 1683 cle
528 1655 640 1692 origine
656 1658 774 1692 actuque
792 1653 851 1683 Get.
868 1654 896 1683 2.

542 1745 612 1770 LlB.
632 1745 690 1770 CVl.

165 1806 303 1826 PERIOCHA
315 1806 369 1826 Lm.
383 1806 436 1825 ενι.
464 1796 546 1833 Iulia,
558 1797 688 1827 Caesaris
704 1796 771 1833 filia,
784 1797 906 1836 Pompei
918 1806 1001 1833 uxor,
1018 1797 1153 1835 decessit,

80 1840 234 1879 honosque
251 1840 276 1869 ei
293 1849 308 1869 a
324 1839 434 1879 populo
448 1839 564 1869 babitus
576 1846 628 1874 est,
644 1845 675 1869 ut
691 1839 720 1869 in
735 1849 838 1878 campo
852 1840 955 1869 Martio
969 1840 1153 1879 sepeliretur.

82 1881 230 1911 Gallorum
247 1882 359 1921 aliquot
375 1882 477 1921 populi
495 1882 664 1921 Ambiorige
681 1882 764 1917 duce,
781 1891 845 1921 reye
861 1882 1050 1919 Eburonum,
1073 1884 1153 1913 defe-

81 1929 200 1960 cerunt;
225 1934 238 1954 a
257 1925 364 1963 quibus
380 1924 462 1954 Cotta
479 1929 508 1955 et
525 1924 672 1960 Titurius,
689 1924 775 1963 legati
793 1924 938 1962 Caesaris,
962 1925 1153 1956 circumventi

1177 193 1204 218 15

1176 1243 1203 1267 10
