1367 2143
102 121 121 135 ι.
135 114 183 134 Clu·-
198 118 218 133 u.
235 113 270 133 108

427 104 517 130 LlBER
538 104 660 130 XXXXV.
697 104 766 130 GAP.
786 106 808 131 3.
829 106 851 130 4.
1160 102 1176 132 7

104 191 235 227 Romani,
252 191 302 221 sed
316 200 369 230 pro
382 191 488 220 Perseo
503 191 678 229 legationem
691 199 752 221 eam
766 191 895 227 misisse;
914 200 979 220 nam
993 191 1017 220 si
1030 199 1062 220 ea
1073 190 1178 221 suisset
1199 196 1213 220 ‘1

103 243 181 270 cura,
202 243 276 273 quae
293 233 489 270 simularetur‚
513 238 573 263 tum
591 233 748 264 mittendos
764 233 874 271 legatos
891 233 997 269 fuisse,
1022 242 1088 263 cum
1106 233 1176 263 Per·

102 285 169 306 scus
186 276 214 306 in
232 275 411 306 Thessaliam
430 276 557 306 exercitu
574 276 693 306 inducto
710 284 762 314 per
778 275 929 305 biennium
947 275 1072 305 Graecas
1088 275 1176 306 urbes

100 318 170 348 alias
194 318 355 353 obsideret,
379 318 448 348 alias
466 318 688 348 denuntiatione
703 326 852 348 armorum
869 321 1007 353 terreret;
1032 323 1093 348 tum
1111 317 1177 347 nul·
1200 322 1214 346 Β

102 361 158 390 lam
183 361 261 400 pacis
284 361 319 390 al)
343 360 465 390 Rhodiis
488 361 667 390 mentionem
691 361 803 390 tactam.

849 365 1003 398 postquam
1021 364 1176 399 superatos

101 403 192 433 saltus
216 407 472 441 transgressosque
493 404 522 432 in
539 403 737 433 Macedoniam
754 402 901 432 Romanos
918 402 1069 432 audissent
1086 407 1114 432 et
1130 403 1177 432 in-

103 446 216 475 clusum
239 446 332 475 teneri
350 445 464 481 Persea,
489 449 559 475 tunc
576 445 704 474 Rhodios
719 444 894 482 legationem
910 444 1040 481 misisse,
1065 454 1124 474 non
1141 445 1177 474 ad

103 487 189 517 ullam
209 488 293 518 aliam
317 497 378 518 rem
403 497 488 526 quam
512 488 546 516 ad
563 487 702 517 Perseum
727 497 761 516 ex
784 487 939 516 inminenti
964 487 1097 525 periculo
1117 487 1176 516 eri-

102 530 252 568 piendum.
286 539 352 560 eum
372 530 428 560 hoc
444 539 587 568 responso
604 530 714 567 legatos
730 529 875 559 dimissos.

187 572 242 602 Per
265 572 381 602 eosdem
405 572 466 602 dies
490 576 518 601 et
540 572 577 601 M.
602 572 772 607 Marcellus,
803 581 837 601 ex
861 571 1011 610 provincia
1034 571 1175 609 Hispania
1193 573 1211 599 4

99 614 244 644 decedens
261 614 413 644 Marcolica
437 614 528 644 nobili
552 614 625 643 urbe
649 618 730 653 capta
742 637 749 649 ,
772 614 873 643 decem
890 614 990 652 pondo
1006 614 1069 643 auri
1086 618 1114 643 et
1129 623 1175 643 ar-

100 657 180 694 genti
196 656 230 686 ad
249 665 391 686 summam
407 656 532 686 sestertii
550 656 669 686 deciens
685 658 716 686 in
733 656 876 686 aerarium
894 656 1015 685 rettulit.

184 698 291 728 Paulus
308 699 448 728 Aemilius
472 698 576 728 consul
600 707 667 728 cum
691 703 801 734 castra,
826 703 858 728 ut
880 707 969 737 supra
993 698 1102 727 (lictum
1122 702 1174 735 est,
1199 707 1204 713 ·

97 741 132 770 ad
150 740 229 770 Siras
253 745 347 770 terrae
364 740 573 771 Odomanticae
589 740 719 777 haberet,
735 740 847 770 litterae
863 740 898 770 ab
915 750 983 779 rege
999 740 1106 770 Perseo
1123 749 1176 779 per

98 782 243 821 ignobiles
262 787 320 812 tres
337 783 446 821 legatos
465 794 480 811 ηε
501 794 516 811 ηε
537 794 552 810 *
571 788 714 819 cerneret,
731 788 760 812 et
774 783 836 822 ipse
853 783 1052 812 inlacrimasse
1069 783 1176 812 dicitur

99 851 138 874 29.
154 851 175 878 ἵ,
190 852 217 874 ϋ;
238 847 309 874 διότι
323 848 373 881 τὴν
386 851 536 882 πρεσβείαν
546 847 610 874 ταύ-

96 892 148 914 την
184 881 244 907 οἵτε
272 883 329 908 τῶν
356 880 492 914 Ἑλλήνων
519 884 609 908 ἕνεκεν

97 916 340 949 υπολαμβάνουσιν
365 915 524 942 &crataegum
549 916 610 942 τοὺς

95 948 209 976 ‘Podiovs
227 948 289 975 οὗθ’
316 950 431 979 ἑαυτῶν,
455 948 523 975 ἀλλὰ
542 952 608 984 Περ·

96 993 171 1010 «retus.

131 1021 154 1043 Τ.
173 1028 202 1043 ea
215 1037 220 1043 .
233 1037 238 1043 .
248 1020 322 1049 cura]
336 1030 368 1039 =
384 1027 476 1043 earnm
488 1027 579 1043 reram
590 1037 609 1043 ..

96 1061 174 1080 vara:
195 1060 214 1077 s.
234 1055 252 1082 l,
267 1054 306 1079 30.
320 1055 343 1078 4,
355 1061 444 1084 —Jwr
463 1054 607 1082 biennium]

96 1086 136 1111 die
155 1088 169 1111 2
183 1090 267 1111 ersten
282 1086 451 1118 Kriegsjahre.
463 1101 494 1104 —
508 1087 608 1112 denun-

97 1122 208 1145 tentione
243 1122 389 1150 omnm-nm]
432 1117 520 1145 ‘durch
559 1122 608 1145 An-

96 1154 212 1186 droliung
237 1162 286 1179 von
312 1151 530 1186 Wall'engewalt':
557 1155 607 1187 vgl.

97 1189 137 1216 32,
151 1190 178 1217 ὃς
198 1190 328 1219 21.19‚1.

130 1224 152 1248 8.
171 1222 272 1247 nullam
285 1242 289 1248 .
302 1241 307 1247 .
319 1224 476 1247 mentionem
495 1222 607 1253 factam]

96 1257 146 1287 vgl.
158 1255 212 1281 Pol.
225 1258 264 1285 29„
276 1258 299 1284 Ἴ,
314 1258 340 1281 S:
356 1257 491 1289 παρέντας
504 1258 608 1281 ἐκεῖνον

95 1290 143 1315 τὸν
162 1290 257 1323 καιρὸν
275 1290 325 1315 νῦν
339 1292 465 1322 παρεῖναι
476 1309 481 1314 .
492 1309 498 1315 .
509 1287 554 1315 ὅτε
573 1290 608 1315 εἰς

96 1322 273 1349 ,Μακεδονίαν
286 1322 502 1358 συγκεκλειμένος
515 1322 528 1349 ὁ
539 1326 606 1358 Περ-

95 1357 155 1383 σεὺς
179 1356 268 1392 ὀλίγας
292 1356 471 1383 παντάπασιν
497 1356 608 1383 ἐλπίδας

96 1391 147 1422 εἶχε
171 1391 217 1423 τῆς
235 1394 376 1427 σωτηρίας.
400 1407 428 1410 —-
447 1392 520 1424 tunc]
541 1393 605 1417 nach

92 1428 243 1457 postquam,
267 1426 316 1451 wie
335 1426 398 1450 nach
418 1427 463 1450 ubi
483 1428 505 1455 4,
522 1428 563 1457 535,
578 1428 605 1454 2:

95 1460 159 1484 nach
179 1468 237 1484 eum
257 1462 296 1490 24,
316 1462 354 1485 16.
368 1461 382 1485 9
401 1468 424 1485 u.
438 1468 459 1485 a.
496 1460 522 1484 lu
547 1460 604 1485 dem

94 1493 235 1518 Nachsatze
264 1494 297 1519 ist
324 1493 369 1518 das
392 1493 501 1524 Subjekt
529 1495 604 1519 nach-

94 1527 225 1552 drucklicl·
236 1527 313 1553 durch
324 1527 440 1552 Rhodios
450 1531 513 1553 statt
526 1528 604 1553 durch

93 1569 136 1586 eos
154 1561 315 1589 bezeichnet:
341 1569 372 1587 zu
397 1562 533 1586 audissent
553 1562 604 1593 (die

95 1594 209 1620 Hdsehr.:
230 1596 365 1623 audirent:
387 1596 441 1621 Gi·.:
459 1597 604 1628 audierint)

94 1629 127 1654 ist
143 1629 187 1654 das
201 1629 272 1660 Subj.
287 1638 332 1655 aus
345 1629 402 1654 dem
413 1629 605 1662 Vorhergehen-

94 1662 143 1688 den
152 1671 182 1688 zu
193 1663 355 1688 entnehmen.
365 1678 398 1681 —
408 1671 461 1688 non
475 1664 510 1689 ad
522 1665 605 1689 ullam

95 1697 175 1721 aliam
184 1699 248 1728 rem]
260 1705 279 1723 s.
290 1700 314 1728 9,
325 1698 365 1727 37,
376 1699 402 1723 2:
416 1706 469 1723 non
480 1706 604 1730 umquam

95 1733 185 1759 antea:
205 1731 254 1757 eie.
275 1731 305 1757 ad
324 1731 383 1756 sam.
406 1733 532 1763 10‚18,2:
551 1740 604 1757 non

95 1764 175 1789 ullam
198 1773 252 1790 rem
271 1766 353 1790 aliam
372 1768 553 1791 extimescens.
571 1781 604 1785 —

96 1806 175 1830 qnam
184 1799 219 1824 ad
228 1819 234 1826 .
245 1799 261 1831 .]
274 1800 466 1832 gewo'hnlicher
479 1800 511 1825 ist
525 1809 604 1832 quam

96 1834 126 1855 ut
135 1850 141 1857 .
153 1851 158 1856 .

129 1864 209 1892 4—9.
228 1866 364 1893 Rockkehr
382 1867 427 1893 des
446 1867 478 1892 Μ.
497 1867 603 1894 Marcel-

98 1898 136 1923 lus
147 1907 191 1925 aus
201 1900 318 1933 Spanien.
341 1901 603 1934 Gesangennehmung

97 1932 142 1957 des
160 1932 253 1967 Konigs
272 1934 388 1961 Perseus.
420 1935 474 1961 Pol.
494 1937 534 1968 29,
553 1936 600 1966 6b;

663 849 730 874 Plut.
750 850 793 876 20:
823 848 892 874 Diod.
914 850 958 878 29.
984 850 1028 877 25;
1057 850 1102 879 30,
1129 851 1173 879 23;

662 883 708 907 Dio
723 884 791 907 Cass.
807 883 835 908 tr.
850 885 890 911 66,
904 885 918 907 3
931 883 958 912 s.;
979 883 1068 908 Zonar.
1088 885 1111 914 9,
1128 884 1173 913 23;

661 917 747 942 lustin.
768 918 808 947 33,
828 918 855 945 2;
876 916 940 942 Vell.
955 916 1009 942 Pat.
1031 919 1052 947 1,
1067 918 1082 942 9
1096 925 1119 942 u.
1134 925 1156 942 a.

698 952 718 976 1.
738 950 890 981 Marcellus]
910 958 930 975 S.
950 952 997 982 43,
1018 952 1062 980 11,
1083 952 1108 979 7;
1133 953 1174 982 45,

662 986 703 1015 44,
722 985 744 1009 2.
764 999 797 1002 —
816 984 970 1015 Mar-colica]
990 985 1104 1013 scheint,
1130 985 1175 1010 ob-

662 1018 746 1050 gleich
772 1019 808 1043 sie
828 1019 853 1043 L.
873 1018 910 1043 als
928 1019 1026 1043 nobilis
1050 1020 1113 1043 urbs
1131 1019 1174 1044 be-

660 1053 790 1083 zeichnet,
816 1056 888 1077 sonst
914 1053 982 1077 nicht
1008 1053 1124 1078 erwahnt
1143 1061 1175 1078 zu

660 1086 771 1111 werden.
786 1100 817 1104 -—
830 1088 953 1117 sestertii]
967 1094 986 1111 s.
1001 1089 1042 1118 -10,
1059 1089 1078 1112 1.
1093 1089 1133 1117 43,
1146 1089 1172 1116 8;

660 1120 710 1152 vgl.
740 1120 790 1146 Cic.
819 1120 851 1145 ad
878 1120 930 1146 Au.
957 1122 980 1152 4,
1007 1122 1029 1149 2,
1056 1122 1084 1150 5;
1112 1120 1173 1147 Tac.

659 1154 724 1180 Ann.
745 1155 767 1181 2.
783 1156 825 1180 37:
846 1155 958 1179 inlectus
972 1173 977 1179 .
991 1173 996 1179 .
1011 1155 1174 1180 liberalitate

660 1189 764 1213 deciens
787 1190 909 1213 sestertii.
928 1202 962 1206 —
981 1190 1009 1213 in
1034 1190 1173 1213 aerarium

658 1222 773 1252 rettulit]
792 1230 820 1247 so
840 1224 897 1254 sagt
912 1222 964 1247 Liv.
978 1223 1004 1247 in
1017 1222 1099 1248 dieser
1114 1222 1174 1248 Ver—

661 1256 775 1288 bindung
788 1256 857 1281 nicht
871 1256 966 1284 selten:
986 1264 1005 1281 s.
1021 1258 1060 1288 37,
1075 1258 1115 1287 57,
1130 1258 1171 1286 12;

661 1291 701 1320 38,
721 1292 761 1319 5⁴,
781 1291 803 1315 3.
821 1292 843 1314 5.
858 1292 898 1319 55,
912 1292 935 1315 6.
949 1292 989 1321 59,
1009 1292 1035 1318 2;
1056 1290 1173 1316 daneben

660 1324 799 1355 gebraueht
813 1331 839 1348 er
852 1324 955 1353 inferre
965 1324 1016 1349 und
1026 1324 1108 1354 ferre.
1127 1324 1171 1350 Die

658 1358 745 1387 kurze,
765 1358 830 1383 ohne
847 1357 1067 1390 Zusammenhang
1086 1359 1171 1391 einge-

659 1392 788 1417 schobene
807 1391 881 1416 Notiz
902 1392 962 1424 (vgl.
982 1393 1022 1423 38,
1040 1394 1080 1422 28,
1097 1395 1118 1422 1)
1138 1393 1170 1417 ist

659 1426 741 1451 einem
769 1426 934 1457 Annalisten,
966 1425 1010 1451 das
1041 1426 1170 1458 Folgende

657 1459 753 1485 wieder
772 1459 828 1485 dem
848 1459 972 1493 Polybios
997 1459 1123 1488 entlehnt;
1150 1468 1170 1486 s.

657 1493 750 1519 Nissen
773 1495 826 1519 los.

692 1529 714 1552 2.
738 1530 768 1553 ut
790 1536 871 1559 supra
891 1528 990 1552 dictum
1012 1529 1058 1558 est]
1085 1535 1112 1553 es
1137 1528 1169 1553 ist

657 1569 697 1587 am
716 1561 785 1586 Ende
805 1561 849 1587 des
868 1563 909 1588 44.
924 1561 1024 1587 Buehes
1043 1562 1170 1594 ausgefal-

657 1596 706 1620 len.
726 1610 758 1614 —
780 1596 864 1626 Siras]
884 1595 935 1627 vgl.
955 1595 1045 1620 Herod.
1066 1597 1089 1626 S,
1111 1597 1169 1621 115:

656 1630 686 1654 ἐν
697 1631 759 1663 Σίρι
772 1630 818 1661 τῆς
830 1631 973 1660 Παιονίηὴ
994 1629 1083 1662 Steph.
1094 1628 1168 1661 Byz.:

658 1662 743 1697 Σιρρὰ
774 1661 851 1688 πόλις
879 1661 991 1695 Θρᾴκης.
1019 1677 1052 1681 —
1084 1666 1170 1688 tert-ae

659 1697 856 1729 Odomanticae]
880 1697 942 1722 fiber
965 1697 1005 1722 die
1029 1696 1170 1723 Konstruk—

658 1732 1168 1763 tions.26‚15;44‚13,11;zu27,30,7;

658 1765 823 1790 Odomantice
842 1765 884 1797 lag
898 1765 992 1790 &stlich
1005 1772 1045 1790 am
1062 1767 1169 1790 unteren

657 1799 788 1832 Strymon,
802 1799 917 1824 nordlich
928 1807 978 1824 von
989 1798 1046 1824 dem
1058 1798 1169 1824 Prasias-

655 1841 698 1858 see
717 1833 769 1858 und
786 1833 842 1858 dem
856 1832 1095 1865 Pangaongebirge:
1116 1833 1168 1865 vgl.

654 1867 746 1892 Herod.
766 1869 789 1898 5,
813 1868 854 1895 16;
875 1869 897 1897 7,
916 1868 973 1895 112:
994 1866 1086 1892 Strabo
1098 1869 1120 1897 7.
1139 1867 1168 1892 fr.

656 1902 695 1926 36.
721 1915 753 1919 —
779 1902 880 1933 legatos
899 1901 913 1917 *
933 1902 947 1917 *
971 1902 1099 1932 cerneret]
1127 1900 1168 1926 die

654 1934 740 1960 Liicke
765 1935 823 1960 laist
846 1935 901 1960 sich
924 1934 981 1960 dem
1000 1934 1078 1960 Sinne
1102 1935 1167 1960 nach
