1367 2143
541 107 598 132 LlB.
622 106 767 133 {Nn—Lx,
1128 104 1185 133 147

117 201 184 226 tam.
216 194 246 224 P.
264 193 398 233 Rupilius
414 193 517 223 consul
534 194 563 223 in
581 193 679 222 Sicilia
697 201 762 222 cum
786 191 913 230 fugitivis
929 190 1090 221 debellavit.
1122 191 1186 221 Ari-

117 237 258 273 stonicus,
275 236 416 266 Eumenis
431 236 508 274 regis
525 235 611 271 filius,
629 235 726 265 Asiam
743 234 912 273 occupavit,
929 243 995 263 cum
1013 238 1185 263 testamento

117 279 204 310 Attali
221 280 298 317 regis
314 279 406 317 legata
422 278 534 318 populo
551 277 682 307 Romano
700 276 790 306 libera
811 285 874 306 esse
891 276 1018 306 deberet.
1049 276 1187 306 adversus

116 331 182 352 eum
206 322 237 351 P.
264 322 394 351 Licinius
417 321 537 350 Crassus
560 319 680 353 consul,
704 328 770 348 cum
793 319 868 348 idem
892 319 1023 357 pontifex
1044 319 1188 348 maximus

116 371 198 398 esset,
224 365 301 404 quod
318 372 478 402 numquam
494 367 577 392 antea
594 363 700 391 sactum
718 366 793 397 erat,
815 365 893 390 extra
911 361 1020 391 Italiam
1038 361 1187 400 protectus

116 407 228 447 proelio
246 407 338 436 victus
353 411 380 436 et
397 406 510 435 occisus
527 409 579 435 est.
612 404 648 433 M.
666 404 814 443 Perperna
831 403 935 433 consul
953 404 1058 433 victum
1075 403 1186 433 Aristo-

117 450 216 480 nicum
240 450 268 479 in
289 449 466 478 deditionem
490 447 611 486 accepit.
643 446 677 480 Q.
694 446 868 485 Pompeius,
892 445 926 480 Q.
944 446 1093 481 Metellus,
1116 450 1186 475 tunc

116 492 243 532 primum
261 497 383 529 uterque
405 500 439 520 ex
456 490 541 529 plebe
557 489 623 519 sacti
646 498 800 524 censores,
824 488 948 518 lustrum
972 488 1184 523 condiderunt;

116 544 203 564 censa
226 539 295 563 sunt
311 533 416 563 civium
438 533 532 571 capita
555 536 683 561 trecenta
705 531 806 560 decem
828 536 894 560 octo
916 530 993 559 milia
1016 530 1186 568 octingenta

117 576 218 615 viginti
237 577 288 606 tria
304 580 419 614 praeter
430 574 566 614 pupillos,
581 574 708 613 pupillas
726 578 753 603 et
770 573 879 602 viduas.
910 572 944 607 Q.
963 572 1095 602 Metellus
1117 582 1186 602 cen-

115 628 164 649 sor
179 618 302 653 censuit,
320 622 352 647 ut
368 621 545 655 cogerentur
558 625 660 645 omnes
672 616 778 645 ducere
792 624 897 645 uxores
909 615 1069 645 liberorum
1083 624 1185 644 crean-

115 662 218 691 dorum
235 669 336 696 causa3
354 664 430 689 extat
447 659 541 688 oratio
559 659 630 695 eius,
647 667 733 697 quam
751 660 901 696 Augustus
918 657 1038 693 Caesar,
1063 667 1126 687 cum
1153 657 1187 687 de

115 703 284 733 maritandis
306 702 459 732 ordinibus
480 706 593 739 ageret,
617 701 695 730 velut
711 700 740 729 in
757 701 828 730 haec
845 705 976 739 tempora
1000 700 1139 739 scriptam
1157 700 1185 729 in

113 750 216 775 senatu
239 745 375 774 recitavit.
407 744 438 773 C.
455 745 571 773 Atinius
588 743 683 773 Labeo
708 743 843 772 tribunus
865 743 959 782 plebis
981 742 1014 776 Q.
1038 742 1186 772 Metellum

114 796 277 822 censorem,
293 797 308 816 a
325 796 383 826 quo
401 789 431 816 in
448 792 550 816 senatu
563 786 687 824 legendo
701 785 877 824 praeteritus
892 789 963 820 erat,
979 785 1015 814 de
1031 794 1099 814 saxo
1112 784 1187 814 deici

114 830 212 866 iussit3
231 830 309 869 quod
326 839 362 859 ne
380 830 470 863 fieret,
488 828 576 858 ceteri
595 828 705 857 tribuni
723 827 817 866 plebis
832 827 939 857 auxilio
958 827 1086 857 fuerunt.
1118 836 1185 856 cum

113 872 207 902 Carbo
225 872 362 902 tribunus
378 871 471 910 plebis
487 871 669 909 rogationem
687 870 813 905 tulisset,
837 875 870 899 ut
894 870 1018 899 eundem
1035 869 1186 899 tribunum

113 915 202 954 plebi.
223 915 359 953 quotiens
374 914 469 948 vellet,
486 923 585 943 creare
601 913 715 947 liceret,
737 913 921 950 rogationem
946 913 1008 941 eius
1025 911 1057 940 P.
1075 912 1186 941 Africa-

115 966 170 986 nus
186 957 353 995 gravissima
371 957 503 985 oratione
521 955 668 988 dissuasit,
686 955 714 984 in
731 964 787 993 qua
800 955 871 984 dixit
886 954 929 983 Ti.
944 954 1107 983 Gracchum
1124 955 1187 983 iure

115 1008 230 1029 caesum
248 999 345 1028 videri.
379 998 408 1027 G.
423 998 572 1027 Gracchus
588 1001 690 1027 contra
708 997 799 1026 suasit
814 997 1007 1035 rogationem,
1024 996 1073 1025 sed
1086 996 1186 1035 Scipio

113 1042 216 1071 tenuit.
248 1041 322 1070 bella
339 1041 416 1070 inter
432 1040 609 1069 Antiochum
627 1040 726 1078 Syriae
742 1044 771 1068 et
787 1039 929 1068 Phraaten
948 1039 1123 1068 Parthorum
1139 1048 1186 1068 re-

112 1093 177 1122 gem
190 1088 270 1122 gesta
288 1092 341 1112 nec
359 1083 450 1121 magis
463 1083 577 1121 quietae
590 1091 636 1111 res
649 1081 772 1120 Aegypti
788 1082 965 1111 referuntur.
994 1081 1186 1117 Ptolemaeus,

113 1126 271 1164 Euergetes
294 1126 536 1163 cognominatus,
559 1124 596 1154 ob
614 1124 734 1154 nimiam
756 1124 958 1153 crudelitatem
980 1124 1042 1153 suis
1065 1123 1186 1159 invisus,

113 1169 231 1198 incensa
249 1177 263 1198 a
281 1168 392 1207 populo
410 1167 489 1206 regia
505 1167 578 1197 clam
592 1167 709 1206 Cypron
727 1166 868 1205 profugit,
886 1171 914 1195 et
929 1174 997 1195 cum
1013 1166 1106 1195 sorori
1123 1166 1186 1195 eius

114 1210 301 1250 Cleopatrae,
330 1219 432 1249 quam,
454 1210 510 1238 filia
535 1210 597 1238 eius
619 1210 732 1247 virgine
754 1218 807 1247 per
828 1209 885 1237 vim
909 1217 1069 1247 conpressa
1098 1213 1186 1247 atque

112 1254 141 1282 in
159 1253 377 1282 matrimonium
394 1253 489 1289 ducta,
507 1252 717 1290 repudiaverat,
734 1259 859 1289 regnum
875 1260 890 1280 a
904 1251 1016 1290 populo
1029 1251 1126 1280 datum
1140 1260 1186 1280 es-

113 1300 167 1329 set,
186 1296 319 1324 infensus
332 1295 434 1330 filium,
451 1303 539 1333 quem
552 1303 586 1324 ex
598 1294 645 1323 illa
659 1293 792 1327 habebat,
809 1295 839 1322 in
852 1293 948 1332 Cypro
961 1293 1069 1322 occidit
1083 1298 1186 1331 caput-

112 1347 168 1376 que
185 1338 248 1367 eius
264 1342 292 1367 et
307 1347 413 1367 manus
429 1342 458 1366 et
475 1337 564 1375 pedes
580 1337 664 1366 matri
689 1336 776 1365 misit.
807 1335 966 1364 seditiones
987 1345 1002 1364 a
1026 1335 1186 1365 triumviris

112 1380 212 1410 Fulvio
227 1380 330 1409 Flacco
347 1385 375 1409 et,
389 1380 418 1408 C.
431 1379 563 1408 Graccho
580 1384 607 1408 et
620 1379 650 1408 C.
665 1378 781 1417 Papirio
795 1378 928 1407 Carbone
944 1387 1014 1416 agro
1031 1377 1185 1407 dividendo

112 1423 217 1452 creatis
241 1423 389 1452 excitatae.
421 1431 488 1451 cum
504 1421 535 1450 P.
553 1421 651 1460 Scipio
668 1421 824 1450 Africanus
846 1422 884 1449 eis
903 1421 1105 1449 adversaretur
1126 1420 1185 1449 for-

112 1466 206 1504 tisque
228 1474 262 1494 ac
285 1465 396 1494 validus
412 1464 505 1503 pridie
521 1464 641 1493 domum
659 1472 690 1492 se
705 1463 881 1502 recepisset,
905 1467 1039 1492 mortuus
1055 1463 1084 1491 in
1102 1463 1185 1492 cubi-

112 1507 178 1537 culo
195 1508 330 1537 inventus
347 1512 399 1537 est.
430 1510 565 1545 suspecta
582 1506 635 1536 suit
650 1529 657 1542 ,
680 1510 827 1544 tamquam
845 1505 871 1534 ei
887 1514 1033 1535 venenum
1049 1505 1186 1541 dedisset,

112 1549 285 1589 Sempronia
300 1559 372 1579 uxor
388 1549 457 1579 hinc
472 1549 605 1584 maxime,
619 1549 697 1588 quod
708 1557 792 1577 soror
805 1552 878 1577 esset
892 1547 1101 1583 Gracchorum,
1118 1556 1185 1576 cum

112 1592 218 1632 quibus
234 1592 366 1622 simultas
379 1592 515 1620 Africano
532 1592 642 1627 suerat3
659 1591 694 1620 de
711 1595 806 1620 morte
818 1596 915 1619 tamen
929 1590 992 1619 eius
1005 1589 1082 1619 nulla
1096 1598 1185 1628 quae—

111 1635 166 1664 stio
183 1639 256 1664 acta.
287 1635 425 1664 defuncto
442 1643 476 1663 eo
493 1634 590 1664 acrius
605 1633 764 1663 seditiones
786 1632 980 1662 triumvirales
1003 1636 1185 1662 exarserunt.

111 1677 142 1707 C.
160 1677 355 1716 Sempronius
371 1676 475 1706 consul
498 1676 635 1706 adversus
652 1676 772 1715 Iapydas
788 1675 882 1714 primo
905 1674 980 1704 male
1003 1683 1065 1704 rem
1087 1675 1185 1712 gessit,

111 1729 178 1749 mox
200 1720 319 1749 victoria
343 1719 454 1749 cladem
477 1723 625 1758 acceptam
649 1717 812 1748 emendavit
832 1717 938 1746 virtute
958 1717 991 1745 D.
1008 1717 1074 1746 Iuni
1090 1717 1183 1752 Bruti,

113 1762 176 1792 eius
193 1762 243 1801 qui
259 1761 439 1791 Lusitaniam
456 1761 619 1799 subegerat.

183 1813 220 1837 13.
237 1812 364 1844 pupillos]
384 1811 515 1843 eingesiigt
529 1811 553 1835 iu
567 1810 607 1835 die
622 1810 662 1835 La.
676 1810 720 1834 des
735 1809 795 1835 Nat.
810 1808 872 1833 nach
887 1807 959 1833 Mms.
974 1807 1032 1835 StR.
1047 1808 1081 1839 2²,
1093 1810 1150 1836 353.
1164 1811 1184 1835 t.

583 1870 598 1893 L
642 1889 647 1895 .
668 1869 717 1893 Lx.

197 1915 334 1935 PERtOCHA
361 1916 417 1935 Lm.
441 1916 484 1935 Lx.
526 1905 558 1934 L.
586 1869 722 1934 Aldielids
750 1903 852 1934 consul
879 1903 1052 1933 rebellantes
1079 1903 1186 1933 Sardos

113 1947 237 1986 subegit.
268 1948 305 1978 M.
332 1949 451 1979 Fulvius
475 1948 596 1978 Flaccus
622 1948 736 1987 primus
756 1946 966 1986 Transalpinos
986 1945 1111 2012 ΙΙὸἰὲωέε
1134 1946 1186 1975 do-

1202 197 1217 220 5

1212 451 1238 476 to

1211 874 1239 898 20

1211 1086 1238 1110 25

1209 1297 1238 1321 30

1208 1510 1238 1533 35

1208 1722 1236 1745 40
