1367 2143
457 103 513 129 ΠΒ.
534 102 801 128 Lxxxxvnlt-cnt
1103 99 1163 129 169

91 190 223 230 publica,
247 190 374 220 exercitu
400 199 518 229 quoque
540 190 569 219 in
594 190 708 219 Etruria
734 193 903 228 conparato.
943 198 974 218 ea
998 189 1160 218 coniuratio
1186 193 1212 217 10

93 233 233 262 industria
260 233 296 262 Μ.
313 232 389 262 Tulli
414 232 564 262 Ciceronis
587 236 667 261 eruta
690 236 742 261 est.
778 231 900 261 Catilina
924 231 996 261 urbe
1021 231 1105 272 pulso
1128 231 1163 261 de

92 275 214 314 reliquis
230 275 391 305 coniuratis
407 274 585 314 supplicium
602 278 751 313 sumptum
769 279 821 303 est.

162 334 184 357 G.
205 334 241 362 ιἰι]
261 333 343 358 liinter
362 340 453 357 eorum
472 332 602 364 eingestigt
622 332 684 357 nach
701 332 826 363 jiingeren
846 331 949 356 Hdschr.

178 411 248 442 *29)
258 410 356 439 Livius
369 411 404 439 de
416 415 509 439 morte
517 404 798 447 Mithridatist‘quod
812 417 878 437 cum
892 405 1042 437 diluisset.'
1057 409 1164 446 Agroe-

92 454 149 482 tius
165 453 196 482 de
211 452 335 490 orthoyr.
353 452 382 481 S.
400 453 481 482 2267
496 451 527 480 P.

179 510 249 549 *30)
273 511 338 541 Καὶ
362 509 426 562 γὰρ
440 508 585 550 ἁλοίσης
607 520 667 550 της
691 508 824 546 πόλεως
839 509 919 549 περὶ
935 520 1047 549 τριτον
1066 512 1165 550 μῆνα,

92 556 131 594 τῇ
148 553 208 594 τῆς
230 555 385 604 νηστείας
410 550 531 593 ημέρᾳ,
554 551 638 582 κατὰ
661 563 719 604 τρι
744 550 882 601 ἑννάτην
900 552 954 582 καὶ
978 534 1166 602 ἑβόξὶιιηκο-

94 606 174 637 στην
187 595 240 626 καὶ
259 594 441 635 ἑκατοστὴν
459 592 660 633 ὀλυμπιάδα,
680 593 911 625 ιπατευάντων
928 596 1032 624 Γαίου
1040 590 1167 624 Ἀντω-

94 640 163 669 νίου
178 638 232 668 καὶ
246 636 390 690 Μάρκου
406 640 473 667 Tot
469 636 572 689 Mliov¹
584 638 784 689 Κικέρωνος,
803 635 834 667 οἱ
849 636 1006 675 πολέμιοι
1019 636 1080 675 μὲν
1096 635 1165 667 εἰσ-

92 679 255 715 πεσόντες
275 679 447 732 ἐσφαττον
464 690 542 716 τοις
559 677 594 710 ἐι
610 681 655 720 τῶ
674 678 763 720 ἱερῷ.
796 677 827 709 οἱ
849 678 909 710 δὲ
902 678 989 718 πρὸς
1011 684 1086 716 ταῖς
1102 680 1165 709 θυ-

93 724 182 759 σίαις
207 719 304 753 οὐδὲν
321 718 420 763 ἧττον
437 720 687 772 ἱερουργοῦντες
705 721 890 758 &levatam
917 719 992 752 οὔτε
1015 719 1082 752 ὑπὸ
1106 723 1165 752 τοῦ

92 763 202 805 φόβου
218 767 301 795 τοῦ
294 765 373 815 περὶ
391 767 451 805 τῆς
468 767 587 805 ψιχῆς,
605 761 680 795 οὒτε
700 776 725 794 υ
719 762 764 794 τὸ
778 766 836 794 τοῦ
847 762 1020 816 πλήθους
1022 767 1087 794 τιῦι
1102 762 1164 805 ἤδη

93 809 328 848 φονευομένων
345 804 617 858 ἆιαγκασθέντες
634 802 842 846 ἀποδρᾶναι,
861 809 927 836 πᾶν
945 804 979 836 d'
985 804 1028 843 ὅ
1043 817 1075 836 τι
1094 790 1165 837 δέοι

92 852 230 882 παθεῖν,
247 852 365 880 τοῦτο
358 847 442 898 παρ’
458 846 573 885 αὐτοῖς
590 845 770 887 ὑπομεῖναι
783 853 855 885 τοῖς
867 850 996 888 βωμοῖς
1006 854 1166 900 κρεῖττοι

93 889 178 923 εἶναι
202 891 394 931 νομίζοντες
419 888 438 932 ἢ
461 891 652 944 παρελθεῖν
671 903 703 922 τι
725 894 791 922 τῶν
813 893 972 930 νομίμων.
1004 889 1055 922 ότι
1074 891 1108 922 δὲ
1127 889 1165 922 οὐ

91 933 196 986 λόγος
212 936 315 965 ταῦτα
332 932 434 973 μόνον
459 932 550 965 εστὶν
567 932 733 974 ἐγκώμιον
752 933 880 973 metelos·
884 945 900 970 ς
917 932 1092 973 εισεβείας
1108 932 1166 973 ἒμ-

93 979 192 1018 φανί,
197 988 256 1013 ων,
281 974 354 1006 ἀλλ)
379 974 542 1017 ἀλήθεια,
565 979 773 1016 μαρτυροῦσι
798 975 923 1013 πάντες
946 975 978 1007 οἱ
1000 975 1060 1013 τὰς
1083 975 1166 1007 κατὰ

91 1018 274 1068 Πομπήιον
291 1016 432 1071 πράξεις
449 1016 720 1058 ἀναγράψαντες,
739 1017 774 1050 ἐν
791 1016 842 1055 οἶς
860 1019 956 1049 καὶ
932 1018 1092 1070 Στράβωι
1110 1019 1164 1050 καὶ

92 1060 260 1098 Νικόλαος
276 1062 332 1092 καὶ
350 1060 436 1101 πρὸς
451 1060 584 1097 τούτοις
603 1063 704 1097 Τίτος
720 1063 858 1100 Λίβιος,
877 1058 894 1091 ὁ
909 1064 969 1102 τῆς
988 1063 1166 1102 Ρωμαικῆς

94 1102 244 1145 ἱστορίας
261 1101 482 1145 ovyypotcpet'g.
513 1103 620 1142 Ioseph.
637 1105 725 1143 antiq.
743 1103 804 1133 Iud.
823 1103 902 1132 XIIII
920 1105 949 1139 4,
967 1105 994 1134 3.

178 1164 248 1200 *31)
264 1162 363 1192 Livius
379 1163 413 1193 de
429 1162 559 1192 Iudaeis:
578 1162 810 1201 [Hierosolymis]
829 1163 926 1192 fanum
945 1163 1029 1192 cuius
1045 1163 1164 1192 deorum

92 1207 138 1240 sit,
155 1215 214 1235 non
234 1205 397 1242 nominant,
415 1214 511 1244 neque
525 1205 616 1234 ullum
634 1206 672 1234 ibi
690 1205 878 1235 simulacrum
897 1211 955 1240 est3
974 1214 1070 1244 neque
1088 1206 1166 1235 enim

93 1258 155 1277 esse
177 1248 222 1277 dei
245 1249 367 1286 figuram
390 1253 502 1286 putant.
536 1247 643 1277 Comm.
667 1248 751 1277 Rern.
776 1248 813 1277 ad
834 1247 900 1277 Luc.
926 1247 1166 1283 Plza1⁴s.11593;

93 1291 147 1329 vyl.
165 1291 208 1320 die
224 1291 307 1319 Anm.
330 1290 457 1320 Useners.

559 1365 591 1389 LI
599 1365 627 1389 B.
647 1365 702 1389 CIII.

178 1426 314 1446 manmena
340 1426 393 1446 Lm.
417 1426 473 1446 cut.
505 1417 626 1446 Catilina
651 1426 665 1446 a
690 1417 720 1446 C.
745 1417 873 1446 Antonio
898 1416 1075 1456 proconsule
1100 1426 1166 1446 cum

93 1459 220 1489 exercitu
238 1469 341 1489 caesus
357 1464 409 1488 est.
444 1459 475 1488 P.
493 1459 611 1489 Clodius
631 1464 797 1495 accusatus,
822 1460 899 1498 quod
924 1460 952 1489 in
976 1459 1076 1489 habitu
1101 1469 1166 1489 mu-

92 1501 171 1531 lieris
187 1502 216 1531 in
235 1502 402 1537 sacrarium,
420 1511 478 1540 quo
491 1502 584 1532 virum
602 1502 712 1531 intrare
729 1503 810 1531 nefas
827 1507 879 1537 est⁷
898 1502 971 1531 clam
991 1502 1127 1531 intrasset
1139 1507 1164 1531 et

92 1553 213 1573 uxorem
230 1544 345 1573 maximi
363 1545 511 1583 pontificis
527 1549 700 1584 stuprasset,
716 1544 867 1574 absolutus
884 1549 934 1573 est.
971 1544 1001 1573 C.
1019 1544 1165 1574 Pontinus

92 1591 209 1626 praetor
222 1586 402 1625 Allobrogas,
416 1587 465 1626 qui
478 1586 696 1623 rebellaverant,
711 1587 744 1616 ad
758 1586 896 1616 Solonem
910 1587 1031 1616 domuit.
1057 1587 1088 1616 P.
1099 1586 1165 1616 Clo-

93 1628 158 1658 dius
173 1629 207 1658 ad
224 1628 339 1668 plebem
356 1629 479 1658 transiit.
506 1629 536 1658 C.
550 1629 654 1659 Caesar
666 1629 822 1658 Lusitanos
834 1629 966 1667 subegit;
985 1638 1079 1668 eoque
1093 1638 1164 1658 con-

93 1671 203 1701 sulatus
219 1672 372 1701 candidato
389 1676 417 1701 et
432 1675 566 1711 captante
582 1681 642 1701 rem
666 1671 813 1711 publicam
834 1672 969 1701 invadere
986 1672 1165 1711 conspiratio

92 1713 168 1743 inter
183 1718 243 1743 tres
255 1714 378 1743 civitatis
392 1714 539 1753 principes
552 1715 624 1744 facta
639 1719 691 1749 est,
706 1714 757 1743 Cn.
770 1714 954 1753 Pompeium,
966 1714 1003 1743 M.
1018 1714 1164 1750 Crassum,

93 1755 122 1786 C.
140 1755 301 1786 Caesarem.
332 1756 410 1795 leges
426 1757 554 1795 agrariae
570 1766 584 1786 a
602 1757 723 1786 Caesare
740 1756 862 1786 consule
884 1766 951 1786 cum
972 1766 1076 1795 magna
1093 1766 1164 1786 con-

92 1798 223 1828 tentione
247 1799 336 1829 invito
360 1803 461 1828 senatu
494 1803 519 1828 et
543 1799 633 1829 altero
657 1799 778 1828 consule
802 1799 839 1828 Μ.
864 1799 967 1829 Bibulo
990 1799 1063 1829 latae
1085 1804 1163 1829 sunt.

94 1840 124 1869 C.
142 1841 286 1871 Antonius
310 1841 469 1881 proconsul
491 1842 520 1870 in
543 1842 664 1871 Thracia
689 1851 793 1881 parum
816 1851 956 1881 prospere
978 1851 1040 1871 rem
1064 1842 1164 1881 gessit.

93 1882 130 1911 M.
148 1882 248 1913 Cicero
265 1884 328 1922 lege
345 1893 359 1913 a
376 1884 406 1913 P.
425 1884 526 1913 Clodio
542 1884 662 1914 tribuno
679 1884 772 1923 plebis
789 1884 861 1919 lata,
886 1885 963 1923 quod
980 1885 1164 1914 indemnatos

94 1925 169 1954 cives
193 1926 367 1962 necavisset,
392 1927 421 1956 iu
447 1926 563 1956 exilium
586 1927 693 1956 missus
715 1932 763 1956 est.
802 1927 906 1957 Caesar
928 1927 957 1956 in
982 1927 1164 1966 provinciam

1188 1803 1216 1827 10
