1367 2143
421 326 524 358 IVLII
548 325 844 364 OBSEQVENTIS

130 395 186 426 AB
210 393 330 426 ANNO
355 394 478 426 VRBIS
503 393 724 426 CONDITAE
748 394 807 425 DV
830 393 1132 427 PRODIGIORVM

567 462 702 493 LIBER.

184 548 194 576 1
216 546 267 586 [55
287 544 376 586 [γα]
405 546 436 575 L.
455 546 593 585 Scipione
611 546 640 575 C.
661 546 756 575 Laelio
774 545 945 575 consulibus
962 546 1084 576 lunonis
1110 547 1167 575 Lu-

94 589 177 619 cinae
195 589 337 628 tcmplum
355 589 476 618 fulmine
493 589 599 621 ictum,
623 589 660 617 ita
679 593 708 618 ut
726 588 872 627 fastigium
896 589 1051 627 valvaeque
1069 589 1167 618 desor-

94 637 256 661 marentur.
288 632 316 660 in
341 631 472 660 finitimis
496 631 634 670 pleraque
657 631 692 660 de
714 631 794 660 caelo
819 631 883 659 icta.
915 631 1037 660 Nursiae
1061 641 1167 661 sereno

95 674 186 703 nimbi
204 674 260 702 orti
277 678 303 702 et
321 673 458 703 homines
471 674 528 703 duo
546 673 710 702 exanimati.
742 673 861 702 Tusculi
882 678 957 702 terra
975 673 1057 712 pluit.
1090 674 1167 703 mula

93 716 182 745 Reate
206 716 328 755 peperit.
359 716 533 754 supplicatio
557 725 610 754 per
625 716 726 745 decem
744 725 852 754 pueros
868 716 1010 754 patrimos
1027 721 1052 746 et
1068 716 1168 745 matri-

93 767 157 787 mos
173 758 354 796 totidemque
370 758 499 796 virgines
514 758 621 787 habita.

179 802 196 830 2
215 798 290 841 [56]
322 801 358 829 M.
376 801 495 830 Messala
519 800 548 829 C.
574 800 653 829 Livio
677 801 850 830 consulibus
873 801 936 830 luce
962 801 1039 830 inter
1066 801 1167 830 boram

94 843 210 872 tertiani
227 847 255 872 ct
272 848 404 881 quartam
421 843 561 872 tenebrae
578 848 668 872 ortae.
700 843 729 872 in
747 843 892 872 Aventino
910 843 1037 882 lapidum
1055 843 1167 882 pluviae

94 885 258 914 novendiali
277 885 416 924 expiatae.
449 886 477 914 in
496 886 634 924 Hispania
651 895 793 924 prospere
810 885 974 915 militatum.

181 930 208 957 3.
237 928 284 967 Sp.
305 928 448 957 Postumio
467 928 567 957 Albino
592 927 626 962 Q.
646 928 755 957 Marcio
781 927 911 967 Philippo
934 928 1098 958 consulibus
1122 937 1166 957 sa-

94 979 176 999 crum
195 970 367 999 novendiale
385 971 507 1003 sactum,
526 971 603 1008 quod
621 970 650 999 in
669 970 778 999 Piceno
795 971 940 1008 lapidibus
957 971 1046 1009 pluit;
1070 971 1167 1009 ignes-

93 1022 151 1050 que
168 1013 307 1042 caelestes
323 1012 509 1042 multifariam
526 1013 581 1041 orti
599 1013 652 1041 levi
668 1013 766 1041 afflatu
784 1013 981 1052 complurium
995 1013 1167 1043 vestimenta

93 1055 279 1084 adusserunt.
312 1055 397 1084 aedes
413 1055 487 1084 Iovis
504 1055 533 1084 in
548 1055 689 1093 Capitolio
706 1055 827 1084 fulmine
844 1055 908 1084 icta.
941 1055 969 1084 in
989 1055 1105 1085 Vmbria
1121 1065 1167 1085 se-

93 1097 196 1126 mimas
217 1098 373 1127 duodecim
397 1098 488 1127 ferme
511 1107 658 1127 annorum
683 1098 820 1127 inventus
843 1098 1070 1136 aruspicumque
1086 1098 1167 1127 iussu

94 1144 224 1169 necatus.
262 1139 350 1173 Galli,
374 1141 425 1178 qui
449 1140 536 1179 Alpes
560 1140 741 1169 transierunt
766 1140 793 1169 in
819 1140 944 1173 ltaliam,
968 1140 1032 1170 sine
1056 1141 1168 1179 proelio

93 1182 187 1211 eiecti.

181 1227 197 1254 4
216 1222 290 1265 [59].
323 1225 358 1253 Μ.
379 1224 497 1254 Claudio
520 1224 554 1259 Q.
579 1225 667 1254 Fabio
692 1224 830 1254 Labeone
853 1225 1026 1254 consulibus
1050 1225 1079 1254 in
1102 1235 1168 1254 area

94 1266 215 1296 Vulcani
235 1276 286 1305 per
303 1267 440 1301 biduum,
465 1267 494 1296 in
512 1276 579 1296 area
596 1267 775 1297 Concordiae
793 1267 913 1296 totidem
930 1267 1032 1297 diebus
1048 1268 1168 1306 sangui—

95 1319 162 1338 nem
179 1309 261 1348 pluit.
291 1310 319 1339 in
338 1309 434 1339 Sicilia
452 1310 546 1339 insula
565 1319 637 1339 nova
654 1310 727 1338 mari
745 1314 820 1339 nata.
853 1310 998 1339 Hannibal
1021 1311 1049 1339 in
1067 1310 1167 1349 Bithy-

94 1352 141 1381 nia
159 1361 273 1381 veneno
290 1352 386 1390 periit.
419 1351 556 1381 Celtiberi
572 1352 694 1382 subacti.

179 1396 196 1424 5
215 1392 290 1434 [60].
319 1394 350 1423 L.
368 1394 490 1423 Aemilio
508 1395 598 1424 Paulo
623 1395 674 1424 Cn.
692 1394 800 1424 Baebio
818 1394 972 1433 Tamphilo
996 1395 1168 1425 consulibus

94 1436 256 1475 procellosa
273 1441 431 1475 tempestas
447 1441 543 1475 strage
560 1437 589 1466 in
603 1437 676 1466 urbe
694 1438 765 1466 saeta
782 1437 864 1475 signa
878 1446 967 1466 aenea
980 1437 1009 1467 in
1024 1438 1166 1477 Capitolio

93 1479 212 1511 deiecit,
235 1479 318 1517 signa
340 1480 370 1508 in
394 1480 473 1508 circo
497 1480 622 1509 maximo
648 1489 714 1509 cum
739 1479 885 1509 columnis
913 1481 1028 1513 evertit,
1054 1481 1167 1519 fastigia

93 1521 269 1560 templorum
293 1521 401 1560 aliquot
424 1531 438 1551 a
462 1522 589 1551 culmine
613 1522 737 1561 abrupta
759 1522 916 1561 dissipavit.
955 1523 1050 1552 mulus
1076 1523 1167 1562 tripes

94 1563 183 1593 Reate
201 1568 295 1593 natus.
325 1565 409 1593 aedes
426 1565 569 1603 Apollinis
586 1565 700 1594 Caietae
716 1564 839 1594 fulmine
856 1565 920 1593 icta.

180 1610 209 1635 ti.
240 1606 269 1635 P.
298 1606 428 1636 Cornelio
451 1607 564 1646 Cethegso
590 1607 629 1637 M.
653 1607 755 1637 Baebio
783 1606 928 1646 Tamphilo
952 1607 1114 1637 consulibus
1137 1607 1165 1636 in

93 1657 159 1677 area
174 1648 295 1678 Vulcani
309 1653 335 1678 et
346 1649 526 1679 Concordiae
539 1650 713 1689 sanguinem
727 1650 810 1688 pluit.
838 1650 936 1679 hastae
950 1650 1050 1679 Martis
1062 1655 1166 1680 motae.

163 1732 371 1764 Abweicliungen
392 1741 441 1757 von
461 1733 504 1758 der
522 1733 641 1765 Ausgabe
661 1732 740 1758 Jahns
759 1733 868 1765 (Lipsiae
887 1733 1060 1764 MDCCCLlll).

164 1802 186 1825 Ξ),
206 1801 239 1829 et]
258 1800 425 1832 liinzugel'iigt
445 1801 509 1825 nach
519 1800 632 1833 Hllaupt.
643 1816 675 1818 —
688 1803 725 1826 io.
746 1801 790 1833 Sp.
801 1803 934 1826 Postumio
948 1802 1044 1826 Albino
1057 1803 1084 1833 (J.
1096 1802 1167 1827 Mat·-

95 1834 135 1857 cio
159 1834 280 1865 Philippo
305 1835 465 1865 consulibus]
489 1836 593 1867 erganzt
618 1835 681 1859 nach
706 1834 866 1867 Oudendorp,
886 1850 917 1853 —
944 1837 979 1861 28.
1003 1837 1075 1868 area]
1103 1837 1165 1861 nach

96 1866 278 1895 Luterbacher;
293 1868 361 1893 Ald.:
376 1877 433 1893 ara.
447 1883 480 1887 —
496 1870 534 1895 19.
548 1871 618 1894 mari
631 1871 703 1899 nata]
720 1869 783 1893 uacli
798 1869 923 1901 Scaliger:
938 1869 1006 1896 Alth:
1022 1872 1166 1895 maritima.

96 1915 128 1917 —
146 1902 198 1958 {ZGH
207 1902 233 1925 P.
254 1901 375 1940 Cornelio
396 1903 509 1934 Cethego
532 1903 567 1929 M.
587 1903 685 1927 Baebio
713 1903 850 1935 Tamphilo
876 1904 1036 1934 consulibus]
1061 1905 1163 1936 erganzt

97 1942 160 1959 nael
202 1942 309 1961 carmus.

148 1981 172 2000 T.
183 1980 230 2000 Liv.
242 1981 265 2000 X.
276 1982 295 2001 2.
319 1982 338 2002 2.
352 1983 407 2003 Aufl.
983 1982 1012 2004 155

1191 721 1204 744 5

1191 933 1217 957 10

1193 1146 1218 1169 15

1192 1571 1219 1595 25
