1367 2143
547 100 603 125 [ΑΒ.
625 99 750 126 xt-xlll.
1125 98 1184 127 129

584 184 649 209 tin.
669 184 717 209 ΧΗ.

198 247 336 266 reuiocm
354 247 408 266 Lm.
426 246 472 266 xii.
512 238 584 266 Cum
602 235 687 273 legati
704 235 903 264 Romanorum
920 245 934 264 a
952 235 1040 264 Gallis
1057 235 1185 265 Senoni-

115 280 169 310 bus
185 279 329 309 interfecti
348 285 455 314 essent,
472 279 548 308 bello
566 278 603 307 ob
620 278 647 307 id
666 277 753 307 Gallis
770 278 878 307 indicto
896 278 927 306 L.
942 278 1084 308 Caecilius
1101 287 1185 317 prae—

115 327 159 351 tor
181 322 216 351 ab
243 322 284 351 eis
306 331 372 351 cum
396 321 562 360 legionibus
585 330 685 350 caesus
701 325 752 349 est.
788 329 885 349 cuma
902 320 1069 350 Tarentinis
1086 321 1186 350 classis

115 364 244 394 Romana
261 365 372 403 direpta
390 369 466 393 esset
481 363 644 398 duumviro,
663 362 711 401 qui
726 368 857 401 praeerat
868 362 962 397 classi,
980 364 1087 398 occiso,
1101 363 1185 401 legati

114 407 147 436 ad
166 417 216 436 eos
231 417 246 435 a
263 412 375 442 senatu,
394 411 424 436 ut
437 407 471 436 de
484 406 529 436 his
541 405 656 434 iniuriis
669 410 873 443 quererentur,
891 405 970 433 missi
985 405 1091 444 pulsati
1108 410 1186 435 suut.

115 449 151 478 ob
177 449 204 478 id
228 449 336 478 bellum
361 449 401 478 eis
424 449 564 478 iudicium
589 452 639 476 est.
672 446 818 476 Samnites
835 448 1014 476 defecerunt.
1049 448 1187 477 adversus

116 501 165 521 eos
182 497 209 520 et
226 491 360 521 Lucanos
376 496 405 520 et
420 491 539 520 Brittios
556 494 584 519 et
602 489 742 518 Etruscos
764 489 875 528 aliquot
893 489 1012 528 proeliis
1028 500 1042 519 a
1060 491 1186 529 conplu-

115 534 196 564 ribus
211 533 335 563 ducibus
351 534 426 562 bene
443 537 605 572 pugnatum
622 536 676 561 est.
712 532 849 570 Pyrrhus.
866 532 1056 571 Epirotarum
1072 542 1121 562 rex
1132 556 1138 568 ‚
1157 538 1187 562 ut

115 576 254 606 auxilium
271 575 437 605 Tarentinis
453 576 557 610 ferret,
582 575 610 603 in
628 574 738 603 ltaliam
756 575 843 604 venit.
878 583 944 604 cum
963 574 991 603 in
1008 575 1186 614 praesidium

115 618 293 656 Reginorum
317 618 392 654 legio
416 618 561 656 Campana
586 626 652 646 cum
676 618 822 655 praesecto
841 617 928 646 Decio
953 616 1075 646 Vibellio
1098 617 1185 647 missa

115 665 199 695 esset,
217 660 321 689 occisis
338 659 458 698 Reginis
475 660 597 697 Regium
615 659 776 697 occupavit.

199 726 248 763 *1)
266 727 380 756 Livius:
401 724 445 756 ‘ni
463 727 590 765 Pyrrhus
613 727 718 756 unicus
736 727 886 765 pugnandi
910 727 1013 756 artil'ex
1035 727 1186 766 magisque

116 770 144 798 in
163 770 274 809 proelio
293 779 378 808 quani
395 769 471 798 bello
489 767 604 798 bonus'.
630 769 708 798 Sere.
727 769 764 798 ml
787 768 862 807 Very.
881 769 947 798 Aen.
965 770 975 798 I
995 771 1066 799 456.

579 860 642 885 ΜΒ.
663 860 722 885 xm.

199 922 338 941 PssliloeuA
351 922 406 941 Lm.
420 921 478 941 xiii.
512 912 641 942 Valerius
652 912 794 942 Laevinus
811 912 914 942 consul
930 922 1034 951 parum
1047 922 1189 952 prospere

114 955 252 984 adversus
264 955 407 993 Pyrrhum
426 955 574 994 pugnavit,
592 955 816 993 elephantorum
830 955 953 984 maxime
966 955 1103 985 inusitata
1117 956 1189 985 l'acie

115 997 222 1026 territis
245 997 396 1026 militibus.
428 1002 495 1035 post
519 997 546 1026 id
570 997 713 1036 proelium
737 1006 804 1026 cum
828 1007 953 1036 corpora
977 997 1188 1034 Romanorum,

114 1039 163 1078 qui
179 1040 210 1068 in
223 1039 284 1069 acie
297 1039 472 1074 ceciderant,
490 1039 618 1078 Pyrrhus
631 1039 800 1078 inspiceret,
817 1040 914 1069 omnia
932 1049 1011 1069 versa
1028 1040 1058 1069 in
1075 1041 1188 1070 hostem

116 1082 234 1111 invenit.
278 1082 506 1121 populabundus
535 1091 627 1120 usque
655 1082 689 1111 ad
718 1081 819 1111 urbem
847 1081 1008 1111 Romanam
1036 1084 1189 1121 processit.

116 1124 146 1154 C.
163 1124 314 1154 Fabricius
330 1124 436 1153 missus
452 1125 487 1153 ad
504 1133 570 1153 euin
586 1133 602 1153 a
618 1129 737 1159 senatu,
763 1129 794 1153 ut
817 1124 852 1153 de
876 1125 1053 1154 redimendis
1070 1126 1190 1164 captivis

115 1171 223 1205 ageret,
240 1167 359 1202 frustra,
381 1171 412 1196 ut
428 1166 551 1205 patriam
567 1167 729 1201 desereret,
746 1176 761 1196 a
777 1176 846 1205 rege
862 1171 1020 1206 temptatus
1037 1172 1089 1197 est.
1122 1177 1189 1207 cap-

117 1209 165 1238 tivi
182 1209 244 1238 sine
261 1209 355 1248 pretio
372 1209 485 1238 remissi
502 1213 578 1238 sunt.
612 1208 716 1238 Cineas
728 1209 842 1247 legatus
855 1219 870 1238 a
884 1209 997 1248 Pyrrho
1010 1210 1044 1238 ad
1056 1215 1190 1240 senatum

117 1252 223 1280 missus
239 1251 331 1290 petiit,
349 1256 379 1280 ut
396 1251 608 1290 conponendae
626 1251 705 1290 pacis
719 1260 804 1280 causa
819 1261 868 1280 rex
885 1252 915 1280 in
929 1252 1031 1281 urbem
1044 1252 1191 1291 recipere-

117 1299 173 1323 tur.
205 1294 240 1322 de
257 1303 313 1332 qua
328 1303 360 1322 re
377 1303 443 1322 cum
460 1294 494 1322 ad
510 1294 738 1332 frequentiorem
756 1298 889 1323 senatum
906 1294 1007 1323 referri
1024 1294 1191 1333 placuisset,

117 1339 170 1374 Ap.
189 1335 341 1372 Claudius,
364 1336 413 1374 qui
431 1340 552 1374 propter
575 1335 769 1365 valetudinem
794 1336 947 1366 oculorum
972 1336 1027 1365 iam
1051 1337 1101 1366 diu
1118 1347 1191 1367 con-

116 1377 188 1407 siliis
205 1378 332 1417 publicis
348 1387 378 1407 se
394 1378 584 1413 abstinuerat,
610 1378 686 1407 veuit
703 1378 732 1407 in
750 1378 860 1408 curiam
878 1383 905 1408 et
921 1379 1064 1408 sententia
1081 1389 1132 1409 sua
1150 1386 1191 1409 te-

118 1421 198 1455 nuit,
222 1426 252 1449 ut
274 1420 301 1449 id
318 1420 429 1459 Pyrrho
457 1425 621 1459 negaretur.
654 1420 706 1450 Cn.
725 1420 869 1450 Domitius
891 1430 996 1450 censor
1018 1421 1132 1460 primus
1158 1432 1192 1451 ex

118 1462 203 1502 plebe
218 1462 342 1492 lustrum
360 1463 504 1498 condidit;
529 1472 616 1492 censa
639 1468 707 1492 sunt
731 1463 836 1492 civium
853 1463 948 1503 capita
968 1464 1093 1494 ducenta
1110 1470 1191 1494 octo-

118 1506 197 1543 ginta
213 1510 325 1544 septem
341 1505 419 1534 milia
432 1505 557 1535 ducenta
570 1505 670 1544 viginti
684 1506 751 1535 duo.
779 1506 884 1535 iterum
895 1506 1035 1535 adversus
1049 1506 1191 1545 Pyrrhum

118 1547 207 1576 dubio
225 1552 329 1576 eventu
346 1552 509 1586 pugnatum
526 1552 577 1577 est.
610 1557 676 1577 cum
694 1548 984 1586 Carthaginiensibus
1009 1554 1112 1587 quarto
1130 1550 1192 1579 soe-

117 1590 172 1619 dus
195 1595 365 1619 renovatum
392 1594 443 1619 est.
476 1599 542 1619 cum
559 1590 590 1619 C.
607 1590 740 1620 Fabricio
765 1591 879 1620 consuli
901 1591 941 1626 is,
966 1591 1015 1629 qui
1038 1591 1073 1620 ad
1094 1601 1160 1621 eum
1177 1602 1192 1621 a

119 1632 228 1670 Pyrrho
247 1632 453 1670 transfugerat,
470 1632 659 1671 polliceretur
676 1642 819 1662 venenum
837 1642 868 1662 se
885 1633 946 1671 regi
963 1633 1108 1669 daturum,
1126 1643 1192 1664 cum

119 1674 226 1703 indicio
242 1675 278 1703 ad
294 1683 394 1712 regem
411 1675 550 1704 remissus
567 1680 620 1704 est.
651 1684 697 1704 res
720 1680 870 1714 praeterea
895 1680 997 1704 contra
1013 1675 1149 1706 Lucanos
1165 1682 1193 1706 et

121 1716 262 1752 Bruttios,
280 1716 424 1746 Samnites
441 1722 470 1746 et
486 1717 628 1746 Etruscos
644 1726 785 1757 prospere
802 1723 897 1756 gestas
913 1718 1054 1747 continet.

188 1775 210 1799 2.
230 1776 369 1805 inusitata]
388 1774 458 1799 Hm.
479 1778 615 1800 vermutet:
636 1777 784 1800 invisitata.
798 1790 828 1793 —
844 1778 866 1801 5.
886 1776 1040 1806 Romanam]
1060 1777 1124 1801 nach
1143 1777 1192 1802 den

121 1807 237 1835 Hdschr.;
258 1808 308 1840 vgl.
328 1808 382 1833 Per.
404 1808 446 1833 lib.
467 1808 521 1837 V11;
541 1809 606 1834 Jahn
627 1809 667 1834 hat
689 1809 798 1834 Ruinam
817 1810 992 1841 geschrieben.

205 1877 253 1912 *2)
280 1876 422 1906 Curribus
446 1878 556 1907 falcatis
572 1887 641 1907 usos
658 1888 720 1907 esse
741 1879 866 1908 maiores
890 1884 917 1909 et
933 1879 1031 1909 Livius
1054 1885 1081 1909 et
1098 1879 1193 1909 Sallu-

125 1917 199 1947 stius
215 1918 330 1948 docent.
361 1919 441 1949 Serv.
459 1920 496 1949 acl
515 1919 593 1959 Very.
611 1922 678 1950 Aen.
698 1921 708 1950 1
726 1922 796 1952 476.

174 1971 198 1990 T.
208 1971 254 1990 Liv.
265 1971 288 1991 X.
300 1973 317 1991 2.
333 1973 350 1992 ’2.
360 1974 414 1993 Auss.
1026 1974 1040 1995 ⁴.)

1212 622 1238 646 io

1214 1302 1241 1325 10

1215 1513 1242 1537 15
