1367 2143
138 292 166 317 10

138 503 164 527 15

137 714 164 737 20

138 1495 163 1520 10

189 72 248 102 132
425 74 453 99 T.
473 73 533 99 LIVI
552 73 730 99 PERIOCHAE
750 74 789 99 ET
810 75 1016 101 FRAGMENTA.

189 159 334 189 cennariis
350 160 481 189 desertus
497 164 581 189 esset.
617 163 773 198 quaerente
789 160 893 189 deinde
909 161 1040 197 Fortuna,
1066 165 1097 190 ut
1111 170 1249 199 magnum

189 202 341 240 utriusque
355 211 439 231 casus
455 202 618 242 exemplum
636 202 665 231 in
679 202 789 240 Regulo
804 202 984 241 proderetur,
1001 204 1138 233 arcessito
1151 213 1166 233 a
1181 203 1248 233 Car-

189 244 420 282 thaginiensibus
432 244 609 284 Xanthippo,
621 243 917 274 Lacedaemoniorum
930 245 1012 279 duce,
1029 245 1122 275 victus
1138 245 1248 284 proelio

191 291 218 316 et
234 291 336 325 captus
352 291 403 315 est.
427 296 473 316 res
487 287 591 316 deinde
606 296 621 316 a
637 285 760 316 ducibus
772 286 911 316 Romanis
924 287 1060 316 omnibus
1074 292 1147 317 terra
1163 288 1249 317 mari-

190 338 246 367 que
263 338 402 368 prospere
419 333 513 367 gestas
529 329 763 358 deformaverunt
780 329 927 367 naufragia
944 329 1088 359 classium.
1119 329 1182 359 Tib.
1196 329 1248 359 Co-

189 371 349 400 runcanius
361 371 470 410 primus
483 381 516 400 ex
529 371 615 410 plebe
628 371 757 410 pontifex
771 371 911 400 maximus
924 376 1036 400 creatus
1049 377 1100 401 est.
1128 371 1159 400 P.
1168 372 1250 401 Sem-

191 413 313 452 pronius
330 412 459 452 Sophus,
484 413 533 442 M’.
555 413 681 443 Valerius
698 413 845 443 Maximus
863 422 1015 450 censores,
1032 423 1098 443 cum
1117 418 1250 443 senatum

190 455 334 493 legerent,
360 456 484 485 sedecim
507 460 608 485 senatu
626 460 792 491 moverunt3
818 456 941 485 lustrum
958 456 1170 491 condiderunt,
1193 466 1250 495 quo

190 506 276 527 censa
293 502 362 527 sunt
378 498 483 527 civium
501 498 594 537 capita
611 498 733 527 ducenta
752 498 909 536 nonaginta
926 502 1036 536 septem
1049 498 1126 527 milia
1139 498 1251 537 septin-

189 544 274 577 genta
292 540 450 579 nonaginta
467 545 587 579 septem.
618 539 747 578 Regulus
762 540 867 569 missus
883 550 897 569 a
915 540 1201 578 Carthaginiensibus
1217 541 1251 570 ad

189 586 332 617 senatum,
348 586 379 611 ut
395 583 430 611 de
447 592 517 621 pace
533 586 570 617 et,
587 583 610 611 si
627 591 689 611 eam
706 591 765 611 non
778 587 876 620 posset
888 582 1053 621 impetrare,
1071 583 1105 612 de
1122 591 1252 612 commu-

189 624 282 653 tandis
299 624 418 663 captivis
434 629 545 662 ageret,
568 625 617 654 sed
643 625 704 654 iure
726 624 847 654 iurando
870 625 1024 654 adstrictus
1046 625 1206 654 rediturum
1222 634 1252 654 se

190 666 408 704 Carthaginem,
432 667 455 696 si
472 667 642 696 commutari
666 667 793 706 captivos
817 676 875 696 non
901 666 1072 705 placuisset,
1096 671 1253 705 utrumque

189 709 311 746 negandi
331 712 432 737 auctor
448 709 560 738 senatui
577 709 631 738 suit
649 713 689 744 et,
707 718 772 738 cum
789 709 844 738 fide
861 709 1001 738 custodita
1018 718 1150 738 reversus
1167 714 1252 744 esset,

188 750 334 789 supplicio
351 760 365 780 a
384 750 671 789 Carthaginiensibus
688 751 722 780 de
739 760 772 780 eo
789 756 905 789 sumpto
923 751 1017 790 periit.

257 800 279 824 6.
300 802 366 829 erat]
393 800 455 824 nach
470 801 542 831 jung.
567 800 671 825 Hdschr.
695 800 833 831 eingesiigt.
858 814 890 817 —
919 801 953 824 12.
973 801 1010 830 R]
1035 800 1097 824 nach
1121 799 1251 831 Sigonius:

190 833 303 858 Hdsclnn:
324 833 359 858 M.
379 847 409 850 —
432 835 468 858 15,
488 835 647 865 nonaginta]
667 833 739 857 dasiir
757 835 882 858 vermutet
902 833 1007 858 Beloch:
1028 834 1218 865 quadraginta.

274 882 454 921 8)‘1nherbi'
469 890 564 914 autem
578 886 727 920 dicuntur,
741 894 798 914 non
810 882 980 914 ‘inberbes'.
991 894 1013 921 .;
1029 885 1062 914 T.
1077 885 1175 915 Livius
1186 895 1252 915 xviri

189 932 284 956 autem
305 923 456 956 ‘inberbis'
481 927 644 965 vulgariter.
690 927 797 957 Charis.
823 929 887 956 inst.
910 937 1029 965 qramm.
1052 927 1080 963 1,
1103 927 1132 956 S.
1158 929 1196 958 74
1222 928 1251 956 P.

189 969 218 998 S.
241 970 289 1003 95,
308 970 343 999 21
365 969 416 1005 K.;
440 970 494 1008 vyl.
512 969 601 999 Anon.
625 970 656 998 (le
678 969 803 1007 ortltoyr.
822 969 849 997 S.
868 970 948 1000 2788
965 969 988 1007 s.
1007 969 1055 1004 P.;
1080 969 1174 999 Sched.
1200 975 1251 1000 vet.

187 1021 308 1049 yramm.
326 1014 356 1040 in
374 1012 470 1041 Barth.
487 1011 601 1041 Advers.
615 1011 742 1040 XXXVII
759 1014 806 1041 14.

257 1062 278 1085 2.
301 1061 455 1091 vulgariter]
475 1073 507 1081 =
526 1070 560 1085 eat
580 1069 627 1085 usa
648 1061 767 1091 vulgat-1‘3
788 1060 860 1085 ‹lasiir
880 1060 946 1084 Keil:
966 1062 1151 1091 singulariter.

275 1110 323 1147 *9)
340 1112 492 1151 Serpentis
509 1135 515 1141 .
533 1135 539 1141 .
556 1122 580 1141 a.
597 1112 629 1141 T.
649 1112 728 1141 Livio
752 1111 866 1141 curiose
889 1112 995 1150 pariter
1018 1121 1050 1141 ac
1067 1112 1190 1141 facunde
1207 1121 1252 1141 re-

187 1154 260 1183 latae
283 1154 331 1183 fiat
354 1155 472 1183 mentio.
508 1155 531 1184 is
554 1155 631 1184 enim
653 1155 691 1183 ait
707 1154 735 1183 in
753 1154 848 1183 Africa
871 1154 948 1192 apud
966 1154 1120 1191 Bagradam
1144 1154 1252 1184 flumen

188 1205 309 1234 anyuem
333 1201 427 1225 tantae
452 1197 661 1235 magnitudinis
685 1196 788 1231 fuisse,
812 1200 844 1225 ut
866 1196 944 1224 Atilii
969 1195 1072 1233 Reguli
1095 1197 1252 1226 exercitum

189 1248 243 1267 usu
258 1238 351 1267 amnis
368 1239 552 1277 prohiberet,
576 1239 733 1277 multisque
749 1237 890 1267 militibus
906 1238 1017 1276 ingenti
1034 1247 1084 1267 ore
1101 1239 1252 1277 correptis,
1286 1246 1291 1250 '

188 1280 381 1319 conpluribus
397 1281 505 1310 caudae
522 1281 718 1310 voluminibus
740 1280 819 1310 elisis
835 1289 901 1309 cum
925 1280 1046 1309 telorum
1064 1281 1138 1310 iaetu
1156 1282 1253 1319 perso-

188 1323 242 1352 rari
262 1322 406 1361 nequiret,
424 1323 458 1352 ad
475 1323 609 1352 ultimum
623 1323 799 1352 ballistarum
816 1323 967 1351 tormentis
980 1322 1109 1361 undique
1123 1323 1251 1361 petitam,

188 1365 301 1394 silicum
317 1364 426 1394 crebris
444 1370 471 1394 et
486 1365 659 1404 ponderosis
672 1365 841 1394 verberibus
854 1364 1044 1403 procubuisse
1058 1365 1253 1404 omnibusque

188 1412 215 1436 et
232 1406 401 1436 cohortibus
424 1413 451 1436 et
474 1407 639 1445 legionibus
662 1408 724 1446 ipsa
741 1407 915 1444 Carthagine
939 1407 1026 1435 visam
1050 1407 1251 1436 terribiliorem

187 1454 274 1487 atque
298 1449 382 1478 etiam
408 1458 511 1478 cruore
534 1459 587 1478 suo
604 1449 767 1487 gurgitibus
791 1449 900 1478 inbutis
923 1448 1115 1487 corporisque
1131 1449 1253 1478 iacentis

189 1491 326 1530 pestifero
343 1491 448 1520 adflatu
461 1491 553 1520 vicina
570 1492 691 1529 regione
708 1491 818 1530 polluta
832 1490 961 1520 Romana
980 1491 1046 1520 inde
1062 1492 1252 1520 summovisse

188 1538 287 1562 castra.
323 1533 410 1562 adicit
426 1533 527 1563 beluae
544 1533 656 1563 corium
674 1538 790 1563 centum
815 1537 842 1562 et
859 1533 958 1570 viginti
980 1533 1085 1571 pedum
1103 1534 1131 1563 in
1150 1533 1251 1563 urbem

188 1575 316 1604 missum.
351 1574 410 1604 Val.
428 1575 508 1605 Mam.
526 1576 537 1604 1
557 1576 586 1606 8.
611 1581 666 1605 eoec.
687 1576 732 1605 19.
775 1575 832 1613 Vyl.
849 1574 975 1609 HPeter‚
992 1574 1064 1604 Hisc.
1084 1575 1164 1605 Rom.
1189 1576 1250 1605 rell.

187 1617 215 1646 S.
234 1619 304 1651 313,
322 1617 349 1647 8.

256 1668 277 1692 3.
297 1668 419 1697 anguem]
445 1667 489 1691 mit
514 1667 682 1691 Luterbacher
706 1674 749 1691 vor
774 1668 865 1690 tantae
889 1666 1032 1698 efflgestigt:
1058 1666 1112 1690 th.
1136 1669 1200 1691 setzt
1225 1674 1251 1690 es

188 1700 250 1724 nach
277 1703 365 1724 tantae
389 1700 441 1729 ein,-
469 1700 540 1725 Halm
565 1702 665 1732 erganzt
688 1702 832 1732 serpentem
859 1708 903 1725 aus
929 1700 984 1725 dem
1009 1699 1249 1732 Vorhergehenden:

189 1734 287 1758 l'riihere
307 1734 442 1765 Ausgaben
463 1734 543 1759 haben
564 1734 617 1759 dies
637 1742 681 1759 vor
698 1734 788 1763 fuisse.

631 1801 694 1826 [ΑΒ.
714 1801 807 1826 xvun.

272 1853 410 1873 Peniocna
427 1855 482 1874 Lm.
499 1854 586 1874 xvim.
616 1845 756 1875 Caecilius
773 1844 906 1874 Metellus
922 1843 1009 1873 rebus
1025 1843 1161 1872 adversus
1177 1843 1249 1872 Poe-

188 1896 241 1916 nos
257 1896 396 1926 prospere
412 1888 500 1926 gestis
517 1888 682 1926 speciosum
699 1887 755 1926 egit
773 1887 950 1926 triumphum
976 1886 1111 1915 tredecim
1128 1885 1250 1915 ducibus
