1367 2143
417 107 474 131 ΗΒ.
494 105 797 131 cxxvnn-cxxxnn.
949 138 954 142 .
1084 102 1141 132 187

499 191 531 216 Ll
541 191 566 215 B.
587 190 713 215 cxxxiii.

155 254 292 274 ramnum
313 254 366 273 ι,ιιι.
383 253 499 272 cxxxul.
530 243 566 272 M.
584 243 731 272 Antonius
753 243 787 272 ad
805 242 918 271 Actium
943 242 1034 270 classe
1050 241 1144 270 virtus

69 288 273 318 Alexandriam
292 287 439 326 profugit2
457 286 653 324 obsessusque
668 295 681 313 a
696 286 826 320 Caesare,
845 285 873 313 in
889 285 987 313 ultima
1005 284 1143 322 despera-

69 332 149 360 tione
167 340 274 364 rerum,
292 329 449 368 praecipue
467 329 579 357 occisae
597 328 769 366 Cleopatrae
785 328 856 356 l'also
873 336 991 356 rumore
1009 326 1143 365 inpulsus

68 384 98 403 se
116 374 177 411 ipse
194 372 349 402 interfecit.
379 372 485 400 Caesar
497 371 670 400 Alexandria
684 371 713 399 in
728 374 901 409 potestatem
918 369 1044 404 redaeta,
1059 368 1142 397 Cleo-

69 421 167 455 patra,
197 425 233 444 ne
257 416 286 444 in
313 414 465 443 arbitrium
492 414 610 443 victoris
632 413 761 448 veniret,
790 412 952 442 voluntaria
976 416 1069 440 morte
1093 411 1143 440 de-

69 460 180 489 functa,
198 458 226 486 in
244 458 347 486 urbem
364 466 499 486 reversus
515 462 575 485 tres
591 456 756 494 triumphos
772 456 839 493 egit,
857 464 948 483 unum
966 464 999 483 ex
1018 454 1142 492 Illyrico,

69 501 192 530 alterum
210 510 243 529 ex
261 500 377 529 Artiaca
394 499 528 533 victoria,
554 499 670 527 tertium
689 498 723 527 de
741 498 910 536 Cleopatra,
934 497 1062 534 inposito
1084 497 1142 525 fine

69 542 203 572 civilibus
220 542 302 572 bellis
324 542 415 571 altero
433 546 458 569 et
477 541 614 569 vicesimo
631 550 719 569 anno.
751 541 788 569 M.
806 540 943 579 Lepidus,
960 538 1072 577 Lepidi,
1093 538 1142 576 qui

68 585 202 614 triumvir
218 586 321 619 suerat,
340 584 424 617 tilius,
442 583 647 612 coniuratione
670 583 808 611 adversus
821 583 973 611 Caesarem
990 583 1064 609 l'arta
1080 580 1142 609 hel-

68 628 127 657 lum
146 628 270 657 moliens
286 635 446 665 oppressus
463 630 491 654 et
507 626 622 654 occisus
638 630 690 654 est.

152 694 220 729 ²³63)
238 695 270 723 T.
288 694 384 723 Livius
404 695 493 723 ret'ert
511 694 587 722 illam
605 693 829 731 (Cieopatram),
852 701 918 721 rum
941 692 977 720 de
1000 691 1142 721 industria

68 738 103 767 ab
118 739 248 775 Angusto
266 737 294 766 iu
309 736 474 774 captivitate
492 736 696 773 indulgentius
713 739 904 767 tractaretur,
922 734 1082 763 identidem
1099 734 1142 762 di-

68 790 135 809 rere
152 780 266 808 solitam
285 779 387 807 l'uisse:
412 776 449 808 οὗ
467 776 762 818 θριαμβεύσομαι,
786 778 812 806 id
831 782 872 805 est
887 775 960 805 ‘non
980 777 1143 814 triumplia-

68 822 123 852 hor
139 822 174 850 ab
187 817 262 850 alio'.
292 820 396 860 Por-ph.
413 821 450 850 acl
461 820 532 850 Hor.
545 830 631 850 carm.
646 820 656 849 l
671 822 719 853 37,
735 821 783 850 30.
814 819 872 857 l'yl.
887 819 957 848 Acro
974 819 1034 848 und
1051 818 1141 848 Schol.

70 865 268 904 Crqu’anum
286 874 324 893 za
342 864 367 892 d.
385 862 426 892 St.

154 926 168 941 ²<
187 922 229 963 [C.
247 924 351 952 Caesar
367 923 473 952 iterum
490 928 516 951 et
531 923 567 952 M.
582 922 711 952 Messala.
743 922 787 951 his
804 921 976 951 consulibus
992 920 1068 958 apud
1085 921 1142 949 Ac-

67 966 140 995 tium
154 966 189 995 M.
204 966 351 997 Antonius
363 975 377 993 a
392 965 513 994 Caesare
530 970 688 1003 superatur
703 967 740 1001 (a.
755 974 781 993 u.
797 974 820 993 c.
836 963 1025 1000 723;a.Ch1·.
1041 973 1069 991 n.
1080 964 1140 998 31).

72 1008 195 1038 Cassiod.
213 1006 323 1047 σὴν-οη]

153 1070 168 1086 *
193 1066 234 1108 [C.
253 1066 358 1095 Caesar
381 1066 499 1095 tertium
523 1071 549 1095 et
571 1066 607 1094 M.
631 1066 761 1095 Crassus.
793 1065 838 1094 liis
859 1064 1032 1094 consulibus
1053 1065 1140 1093 Nico-

67 1110 155 1149 polim
170 1110 275 1139 Caesar
291 1109 446 1141 construit,
462 1108 547 1137 ludos
561 1109 694 1137 Actiacos
711 1108 846 1137 instituit.
878 1107 1024 1136 Antonius
1041 1116 1055 1135 a
1069 1107 1140 1135 Cae-

66 1162 130 1182 sare
147 1152 259 1191 proelio
276 1156 446 1189 peremptus
463 1151 654 1180 Alexandriae
677 1151 706 1180 in
730 1151 880 1180 mausoleo
903 1159 968 1178 rum
987 1149 1141 1188 Cleopatra

67 1195 238 1224 reconditur
255 1197 290 1229 (a.
308 1203 336 1222 u.
354 1203 378 1222 e.
397 1194 473 1229 7243
490 1203 513 1222 a.
532 1193 598 1222 Chr.
617 1203 645 1222 n.
664 1195 724 1229 30).
761 1193 884 1223 Cassiod.
901 1190 1011 1230 chron]

494 1285 511 1308 L
519 1284 526 1309 l
534 1285 560 1309 B.
581 1285 716 1309 cxxxnn.

151 1348 289 1367 rennuens
307 1347 361 1366 rin.
379 1346 504 1366 cxxxuu.
532 1337 562 1366 C.
580 1337 685 1366 Caesar
702 1336 790 1366 rebus
809 1336 970 1375 conpositis
994 1341 1019 1364 et
1044 1336 1140 1364 omni-

66 1380 122 1410 hus
138 1380 297 1418 provinciis
314 1380 342 1409 in
362 1384 470 1409 certam
495 1380 617 1408 formam
641 1380 766 1409 redactis
782 1380 932 1417 Augustus
955 1388 1073 1417 quoque
1090 1387 1141 1406 co-

66 1423 256 1462 gnominatus
279 1427 336 1457 est,
360 1427 387 1451 et
411 1422 521 1451 mensis
538 1422 655 1451 Sextilis
678 1422 706 1451 in
732 1422 877 1451 honorem
900 1421 962 1450 eius
978 1421 1141 1459 appellatus

66 1471 119 1495 est.
137 1474 203 1494 eunt
217 1465 263 1494 ille
277 1470 453 1494 conventum
463 1464 602 1493 Narbone
615 1465 682 1503 egit,
697 1474 804 1493 census
816 1473 830 1493 a
844 1463 938 1493 trihus
946 1463 1055 1498 Galliis,
1068 1472 1141 1501 quas

1167 627 1195 651 10

67 1508 172 1537 Caesar
188 1512 271 1546 pater
286 1507 404 1540 vicerat,
421 1512 512 1536 actus.
538 1506 647 1536 bellum
662 1507 800 1536 adversus
812 1507 969 1535 Basternas
985 1511 1012 1535 et
1026 1506 1142 1535 Moesos
1163 1510 1178 1533 5

67 1556 92 1579 et
111 1550 181 1579 alias
197 1554 300 1588 gentes
316 1559 330 1578 a
347 1550 383 1579 M.
402 1549 504 1579 Crasso
519 1555 627 1588 ,aestum
647 1560 662 1577 *
682 1560 698 1577 *
715 1550 896 1578 reseruntur.

66 1641 86 1667 N
134 1610 156 1633 6.
173 1609 288 1666 ἕῐκιίῆηι]
307 1607 438 1640 eingessigt
461 1607 525 1632 nach
546 1609 672 1640 jungeren
692 1607 796 1632 Hdschr.
816 1622 848 1625 -—
868 1606 1035 1637 refer-untur]
1058 1613 1086 1630 so
1106 1607 1139 1630 im

91 1650 127 1666 az.
147 1650 210 1666 naci
230 1656 236 1666 i
257 1649 301 1666 ms.

152 1704 167 1720 *
185 1701 216 1742 [†
233 1702 262 1731 C.
281 1702 387 1731 Caesar
403 1702 539 1740 quintum
557 1706 583 1731 et
601 1702 638 1731 M.
655 1701 784 1740 Agrippa
800 1701 916 1729 iterum.
948 1700 993 1729 his
1009 1701 1140 1729 consuli-

66 1744 122 1774 bus
138 1745 312 1774 Parthorum
330 1744 527 1773 dissensiones
544 1754 597 1783 per
613 1744 766 1773 Caesarem
783 1743 898 1772 sedatae
920 1745 956 1777 (a.
974 1753 1002 1771 u.
1019 1752 1042 1771 c.
1062 1744 1138 1780 7263

68 1796 92 1816 a.
110 1788 176 1816 Chr.
194 1797 222 1816 n.
240 1787 301 1823 28).
337 1787 460 1816 Cassiod.
476 1785 586 1827 chron]

152 1845 166 1861 *
183 1845 225 1887 [C.
243 1845 349 1875 Caesar
371 1851 484 1875 sextum
509 1851 535 1875 et
560 1846 596 1875 M.
617 1846 745 1884 Agrippa
768 1845 895 1873 tertium.
933 1844 1039 1873 Caesar
1060 1844 1140 1883 leges

68 1888 198 1927 protulit,
215 1888 326 1917 iudices
342 1888 503 1923 ordinavit,
523 1888 689 1927 provincias
705 1887 847 1926 disposuit
865 1892 892 1916 et
909 1887 974 1916 ideo
991 1887 1140 1925 Augustus

69 1931 295 1969 cognominatus
312 1936 352 1960 est
371 1932 407 1967 (a.
425 1940 452 1959 u.
470 1940 494 1960 c.
513 1932 589 1967 727;
606 1940 630 1960 a.
648 1931 714 1960 Chr.
732 1940 760 1959 n.
778 1931 840 1966 27).
881 1929 1003 1959 Cassiod.
1029 1927 1138 1969 chroro]
