1367 2143
157 177 170 200 5

144 386 172 410 10

148 1344 175 1368 10

150 1554 177 1578 15

194 84 253 113 160
434 85 462 109 T.
482 85 543 110 LIVI
561 84 740 110 PERIOCHAE
759 84 800 109 ET
819 84 1026 110 FRAGMENTA.

193 175 326 210 praetore
348 170 433 209 pulso
456 174 484 200 et
509 170 605 200 occiso
630 170 790 209 occupavit.
822 169 898 208 Sylla
922 178 988 198 cum
1004 169 1110 198 Italicis
1130 168 1257 208 populis,

195 222 232 242 ne
249 213 399 242 timeretur
415 212 449 242 ab
466 213 507 242 eis
523 212 600 242 velut
616 216 771 251 erepturus
794 211 936 241 civitatem
953 215 981 240 et
996 211 1123 249 suffragii
1140 211 1185 240 ius
1201 220 1257 240 nu-

194 264 248 294 per
265 255 373 290 datum,
391 255 492 284 foedus
507 255 666 294 percussit;
689 254 824 293 idemque
840 263 874 283 ex
889 253 992 283 fiducia
1010 253 1065 282 iam
1087 258 1181 282 certae
1195 252 1257 282 vic-

195 297 284 326 toriae
307 297 481 335 litigatores,
504 306 519 326 a
536 297 641 336 quibus
656 296 803 332 adibatur,
824 295 986 325 vadimonia
1002 295 1123 324 Romam
1145 295 1258 324 deferre

195 339 288 375 iussit,
305 348 371 369 cum
387 348 401 367 a
419 343 499 378 parte
516 339 625 368 diversa
641 338 712 368 urbs
727 339 821 368 adhuc
833 342 991 367 teneretur.
1022 337 1054 366 L.
1066 337 1258 376 Damasippus

194 385 309 420 praetor
325 390 359 410 ex
375 381 522 411 voluntate
537 380 567 409 C.
586 381 655 410 Mari
672 380 810 416 consulis,
827 389 893 409 cum
910 384 1042 409 senatum
1059 379 1259 414 contraxisset,

195 432 310 452 omnem
322 446 329 459 ,
353 432 426 462 quae
443 423 471 452 in
489 423 561 452 urhe
578 427 647 458 erat,
664 422 843 452 nobilitatem
861 422 1019 451 trucidavit.
1051 430 1084 450 ex
1105 420 1188 450 cuius
1204 430 1259 449 nu-

194 474 274 495 mero
291 465 324 500 Q.
340 465 453 494 Mucius
470 465 605 494 Scaevola
622 465 752 504 pontifex
769 464 911 493 maximus
933 464 1049 502 fugiens
1074 463 1102 492 in
1116 461 1257 492 vestibulo

195 508 272 537 aedis
288 507 389 537 Vestae
406 507 521 537 occisus
537 512 589 536 est.
619 511 766 546 praeterea
782 506 891 535 bellum
908 515 922 535 a
939 505 970 536 L.
988 506 1107 535 Murena
1123 505 1259 534 adversus

195 549 379 579 Mithridaten
398 550 426 579 in
444 549 509 579 Asia
525 553 695 579 renovatum
712 549 852 578 continet.

617 631 635 655 L
642 631 651 656 1
658 631 685 655 B.
704 630 843 656 LXXXVII.

280 684 418 704 remorum
436 684 490 703 Lm.
507 683 628 703 Lxxxvn.
661 673 737 711 Sylla
754 674 785 703 C.
801 673 940 709 Marium,
963 673 1090 703 exercitu
1113 673 1175 701 eius
1196 672 1260 701 suso

196 717 350 755 deletoque
365 717 400 746 ad
417 716 632 755 Sacriportum,
656 716 685 744 in
702 716 811 754 oppido
828 716 983 745 Praeneste
1006 715 1135 750 obsedit;
1158 714 1261 743 urbem

196 759 317 788 Romam
331 768 364 787 ex
378 758 563 788 inimicorum
576 757 711 787 manibus
723 758 842 796 recepit.
866 757 987 786 Marium
1002 765 1155 795 erumpere
1167 761 1262 794 temp-

197 805 305 830 tantem
320 801 458 839 reppulit.
489 805 638 839 praeterea
654 808 700 828 res
716 808 731 828 a
748 800 848 838 legatis
872 799 934 829 eius
951 799 1049 828 eadem
1074 798 1183 836 ubique
1202 798 1262 827 for-

198 847 267 872 tuna
283 843 409 882 partium
425 848 521 880 gestas
537 843 678 872 continet.

613 915 678 940 LIB.
700 915 848 940 LXXXVIII.

282 969 418 989 PERIOCHA
439 969 493 989 Lm.
510 969 643 988 Lxxxvin.
681 959 758 997 Sylla
780 959 942 988 Carbonem
966 959 1053 995 [cum]
1078 957 1205 987 exercitu
1228 958 1263 987 ad

198 1002 327 1031 Clusium
340 1025 346 1037 ,
368 1002 401 1031 ad
418 1002 582 1031 Faventiam
606 1001 828 1040 Fidentiamque
850 1010 933 1030 caeso
950 1000 1030 1029 Italia
1048 1000 1174 1039 expulit,
1196 1008 1263 1029 cum

198 1044 391 1079 Samnitibus,
409 1044 457 1081 qui
474 1044 528 1073 soli
544 1053 577 1072 ex
594 1043 700 1072 Italicis
716 1043 834 1082 populis
851 1043 981 1072 nondum
1002 1051 1078 1071 arma
1096 1046 1264 1081 posuerant,

200 1087 276 1115 iuxta
299 1086 399 1115 urbem
417 1085 576 1115 Romanam
599 1090 665 1114 ante
690 1090 802 1124 portam
820 1085 961 1114 Collinam
985 1084 1136 1113 debellavit
1151 1084 1263 1122 recipe-

198 1133 316 1166 rataque
339 1127 502 1166 republica
526 1127 750 1166 pulcherrimam
774 1127 925 1156 victoriam
947 1126 1132 1161 crudelitate,
1156 1130 1263 1164 quanta

198 1171 227 1200 in
253 1170 332 1199 nullo
355 1170 508 1199 hominum
530 1170 600 1205 suit,
624 1170 794 1207 inquinavit.
826 1174 891 1198 octo
914 1168 991 1198 milia
1015 1168 1217 1197 dediticiorum
1234 1168 1264 1197 in

200 1212 262 1241 villa
280 1212 395 1251 publica
412 1212 573 1247 trucidavit,
590 1211 716 1240 tabulam
734 1211 957 1250 proscriptionis
970 1211 1142 1249 proposuit,
1162 1210 1264 1239 urbem
1291 1234 1296 1238 .

198 1264 231 1284 ac
248 1260 335 1284 totam
348 1253 459 1283 Italiam
473 1253 608 1283 caedibus
624 1253 752 1292 replevit,
770 1254 847 1283 inter
860 1263 931 1292 quas
947 1262 1048 1282 omnes
1060 1252 1265 1282 Praenestinos

199 1298 326 1326 inermes
343 1296 457 1325 concidi
471 1296 564 1331 iussit,
581 1295 715 1335 Marium,
734 1296 872 1325 senatorii
888 1295 998 1324 ordinis
1010 1295 1113 1329 virum,
1130 1294 1265 1324 cruribus

197 1339 382 1377 brachiisque
408 1339 521 1374 fractis,
546 1337 665 1367 auribus
687 1338 845 1377 praesectis
861 1342 889 1367 et
905 1337 997 1367 oculis
1013 1337 1125 1366 effossis
1144 1336 1265 1366 necavit.

200 1382 230 1410 C.
247 1381 354 1410 Marius
370 1380 525 1410 Praeneste
542 1380 677 1409 obsessus
693 1390 708 1409 a
724 1380 860 1409 Lucretio
878 1379 984 1414 Ofella,
1001 1379 1183 1418 Syllanarum
1198 1388 1264 1418 par-

199 1423 271 1452 tium
287 1423 365 1456 viro,
391 1431 456 1451 cum
479 1431 531 1461 per
555 1422 725 1451 cuniculum
749 1427 877 1461 captaret
901 1422 1020 1451 evadere
1036 1426 1167 1460 saeptum
1184 1430 1265 1450 exer-

200 1465 270 1501 citu,
286 1469 409 1493 mortem
426 1464 566 1494 conscivit
582 1464 620 1501 [id
638 1469 690 1500 est,
710 1464 739 1493 in
757 1464 820 1502 ipso
838 1463 990 1499 cuniculo,
1015 1471 1081 1492 cum
1098 1463 1219 1492 sentiret
1234 1472 1265 1492 se

200 1507 319 1537 evadere
336 1516 394 1535 non
412 1516 508 1545 posse,
525 1515 591 1535 cum
605 1505 750 1541 Telesino,
767 1507 851 1544 fugae
868 1506 985 1541 comite,
1001 1505 1102 1534 stricto
1120 1505 1265 1544 utrimque

200 1549 292 1588 gladio
309 1549 475 1584 concurrit;
494 1557 579 1586 quem
598 1557 664 1577 cum
681 1548 844 1584 occidisset,
862 1548 923 1587 ipse
941 1548 1056 1578 saucius
1073 1547 1235 1587 impetravit
1250 1556 1265 1576 a

200 1601 292 1626 servo,
309 1596 340 1620 ut
355 1600 385 1620 se
402 1591 566 1627 occideret].

269 1642 290 1665 1.
310 1642 387 1670 [cum]
407 1640 497 1672 getilgt
516 1640 579 1664 nach
595 1641 721 1671 jiingeren
733 1639 835 1664 Hdschr.
849 1654 882 1656 —
895 1641 918 1664 4.
937 1639 1090 1668 Romanam]
1110 1646 1137 1663 so
1151 1638 1193 1662 hat
1204 1637 1263 1662 Naz.

201 1675 263 1699 nach
283 1673 354 1698 Mms.
375 1688 406 1691 —-
426 1676 448 1698 7.
466 1674 615 1705 proposuit]
636 1674 699 1698 nach
718 1673 806 1702 Drak.;
826 1673 944 1698 Hdsch1·.:
960 1674 1059 1705 posuit.
1072 1687 1104 1690 —
1128 1673 1163 1696 10.
1184 1671 1266 1695 oculis

200 1708 307 1737 effossis]
325 1707 393 1732 diese
404 1707 546 1738 Wortsolge
559 1708 591 1731 im
603 1707 663 1731 Naz.
677 1707 740 1731 nach
751 1707 821 1732 Mms.
833 1722 864 1724 -
878 1708 975 1732 13—16
994 1707 1033 1736 (id
1045 1708 1082 1729 est
1092 1725 1097 1730 .
1109 1725 1114 1729 .
1126 1705 1265 1735 occideret)

202 1741 255 1765 sind
276 1742 369 1765 unecht
389 1741 451 1766 auch
471 1741 533 1765 nach
553 1740 632 1765 Jahns
651 1740 763 1765 Ansiclit.

613 1808 642 1832 Ll
650 1808 676 1833 Β.
696 1808 854 1832 LXXXVllll.

286 1859 425 1880 maiouim
441 1861 495 1880 Lm.
510 1860 654 1880 Lxxxvun.
693 1852 729 1880 M.
747 1851 855 1880 Brutus
877 1862 894 1881 a
918 1852 969 1881 Cn.
986 1850 1101 1889 Papirio
1125 1849 1266 1883 Carbone,

201 1894 237 1923 ad
253 1903 338 1932 quem
356 1893 510 1923 Cossuran]
526 1893 692 1933 adpulerat,
709 1894 815 1923 missus
831 1903 901 1923 nave
918 1893 1070 1932 piscatoria
1087 1892 1266 1930 Lilybaeum,
