1367 2143
150 1254 178 1277 10

147 1422 176 1445 15

605 276 718 315 ΤΙΤΙ
742 277 862 316 LIVI

230 343 276 373 AB
301 343 399 372 URBE
424 342 588 373 CONDITA
613 343 976 416 IfilfssgssfffflEXXXXffl
1000 345 1048 374 ΕΤ
1072 345 1229 375 XXXXIIII

587 476 635 501 EX
655 476 725 502 LlB.
745 476 876 502 XXXXllI.

265 544 398 569 Praetores
417 543 522 575 aliquot,
541 550 571 568 eo
590 544 658 576 quod
677 551 751 569 avare
768 547 793 569 et
805 545 939 570 crudeliter
952 545 1094 577 provincias
1108 545 1266 571 administra-

198 581 295 608 verant,
313 577 423 602 damnati
442 580 508 601 sunt.
544 577 570 602 P.
590 577 698 602 Licinius
717 578 821 603 Crassus
841 579 974 611 proconsul
994 579 1127 612 conplures
1145 580 1169 604 in
1189 579 1264 605 Grae-

198 612 235 637 cia
255 612 328 636 urbes
348 611 504 644 expugnavit
528 613 553 635 ct
572 611 705 636 crudeliter
729 612 857 644 corripuit.
894 613 926 637 ob
944 612 968 637 id
988 613 1098 645 captivi,
1123 613 1166 646 qui
1184 613 1214 637 ab
1234 621 1264 638 eo

199 646 245 670 sub
264 653 356 670 corona
376 645 514 673 venierant,
533 652 563 669 ex
582 648 684 670 senatus
703 646 820 670 consulto
839 649 927 678 postea
946 647 1055 671 restituti
1074 651 1140 672 sunt.
1171 647 1232 672 item
1251 654 1265 671 a

198 679 331 712 praesectis
350 678 466 704 classium
486 678 653 703 Romanarum
672 679 749 703 multa
769 679 913 712 inpotenter
938 680 961 704 in
982 680 1064 705 socios
1083 681 1156 706 l‘acta.
1192 688 1232 705 res
1251 688 1266 705 a

197 714 273 738 Perse
293 720 351 745 rege
369 713 394 736 in
413 711 518 736 Thracia
538 720 658 744 prospere
677 715 762 744 gestas
781 713 893 737 continet
912 713 985 738 victis
996 713 1117 739 Dardanis
1135 717 1161 739 et
1173 713 1265 747 Illyria,

197 747 267 772 cuius
287 754 330 771 rex
349 748 401 770 erat
420 745 534 771 Gentius.
571 748 663 776 motus,
682 746 723 778 qui
742 747 767 770 in
786 746 905 778 Hispania
930 747 960 771 ab
979 746 1084 772 Olonico
1104 747 1184 773 factus
1203 750 1265 778 erat,

196 781 252 813 ipso
271 780 422 812 interempto
441 779 565 804 consedit.
593 779 625 804 M.
637 780 757 805 Aemilius
769 780 876 812 Lepidus
895 788 908 804 a
927 781 1073 806 censoribus
1092 781 1209 814 princeps
1225 789 1264 806 se-

196 817 276 838 nalus
295 814 384 839 lectus.

584 880 630 904 Ex
650 880 667 905 L
674 880 682 905 1
690 880 718 906 B.
738 880 879 907 XXXXlllI.

265 948 293 977 Q.
312 947 419 972 Marcius
438 947 569 980 Philippus
589 956 632 980 per
650 948 732 973 invios
751 948 831 973 saltus
850 949 992 980 penetravit
1010 948 1034 972 in
1048 948 1220 973 Macedoniam
1240 952 1265 974 et

197 982 332 1014 conplures
351 981 424 1006 urbes
450 982 592 1014 occupavit.
630 981 719 1006 Rhodii
744 983 866 1006 miserunt
883 982 981 1014 legatos
999 982 1121 1013 Romam,
1139 982 1264 1007 minantes

197 1016 264 1046 fore,
284 1018 310 1039 nt
322 1015 414 1039 Perseo
433 1015 526 1039 auxilio
546 1018 638 1046 essent,
659 1015 705 1040 nisi
725 1016 833 1048 populus
844 1016 970 1040 Romanus
989 1023 1045 1040 cum
1060 1016 1104 1040 illo
1122 1023 1210 1048 pacem
1226 1018 1264 1041 at-

198 1057 245 1081 quc
265 1049 399 1073 amicitiam
419 1050 541 1080 iungeret.
578 1049 679 1081 indigne
703 1049 727 1074 id
745 1050 834 1075 latum.
871 1057 927 1074 cum
952 1049 976 1073 id
1000 1050 1094 1074 bellum
1113 1050 1138 1074 L.
1157 1050 1263 1075 Aemilio

198 1083 276 1108 Paulo
290 1083 419 1114 sequentis
439 1083 496 1107 anni
516 1083 612 1107 consuli
632 1083 721 1107 iterum
741 1083 885 1107 mandatum
901 1086 975 1112 esset,
994 1083 1088 1108 Paulus
1102 1084 1136 1114 [in
1147 1084 1264 1108 contione

197 1120 322 1149 precatus,
342 1119 377 1146 ut,
396 1116 517 1148 quidquid
536 1117 582 1141 diri
602 1117 696 1149 populo
717 1117 829 1141 Romano
848 1117 1004 1147 immineret,
1030 1117 1053 1141 in
1073 1124 1143 1142 suam
1162 1117 1263 1142 domum

197 1152 393 1180 converteretur,
412 1151 446 1180 et]
466 1152 491 1175 in
505 1150 677 1175 Macedoniam
697 1151 824 1182 profectus
843 1151 904 1175 vicit
922 1150 1014 1175 Persen
1034 1153 1163 1183 totamque
1182 1150 1264 1176 Mace-

197 1184 297 1208 doniam
316 1184 340 1208 iu
360 1186 511 1215 potestatem
531 1184 635 1216 redegit.
665 1188 799 1216 antequam
812 1184 969 1216 confligeret,
989 1184 1015 1208 C.
1026 1184 1161 1216 Sulpicius
1173 1184 1263 1209 Gallus

198 1219 319 1241 tribunus
337 1218 451 1241 militum
471 1217 594 1249 praedixit
613 1218 741 1249 exercitui,
759 1225 790 1242 ne
803 1218 942 1248 miraretur,
962 1217 1029 1250 quod
1045 1218 1104 1242 luna
1120 1222 1194 1243 nocte
1206 1226 1263 1250 pro·
1282 1224 1288 1228 ·

197 1252 262 1276 xima
282 1251 407 1276 defectura
427 1255 486 1275 erat.
518 1251 622 1276 Gentius
641 1259 742 1283 quoque
761 1259 803 1276 rex
822 1251 976 1284 Illyricorum
996 1259 1052 1276 cum
1075 1251 1230 1283 rebellasset,
1249 1259 1262 1276 a

196 1285 321 1310 L.Anicio
340 1287 455 1316 praetore
474 1285 556 1309 victus
575 1285 644 1310 venit
662 1285 686 1309 in
706 1284 859 1309 deditionem
878 1288 902 1309 et
921 1293 977 1309 cum
996 1293 1073 1310 uxore
1091 1293 1120 1310 ac
1135 1285 1219 1311 liberis
1238 1289 1264 1310 et

197 1319 346 1351 propinquis
364 1319 467 1343 Romam
487 1319 578 1343 missus
598 1322 644 1343 est.
681 1319 756 1350 legati
776 1319 937 1343 Alexandrini
956 1326 968 1343 a
989 1319 1121 1351 Cleopatra
1140 1322 1165 1344 et
1179 1319 1263 1344 Ptole-

197 1360 268 1377 maeo
288 1352 389 1383 regibus
408 1356 532 1376 venerunt
550 1355 683 1384 querentes
703 1352 733 1376 de
752 1353 877 1377 Antiocho
896 1360 955 1384 rege
970 1352 1066 1385 Syriae,
1086 1353 1153 1385 quod
1171 1353 1192 1378 is
1210 1353 1263 1378 bel-

196 1386 248 1410 lum
267 1386 376 1410 inferret.
412 1386 518 1410 Perseus
538 1386 680 1411 sollicitatis
705 1386 729 1410 in
749 1386 869 1410 auxilium
888 1386 998 1411 Eumene
1024 1394 1083 1418 rege
1102 1387 1219 1419 Pergami
1238 1389 1263 1411 et

196 1420 286 1444 Gentio
304 1427 363 1451 rege
382 1419 548 1451 Illyricorum,
565 1420 623 1451 quia
643 1420 663 1444 is
682 1420 822 1451 pecuniam,
841 1427 915 1451 quam
936 1420 1091 1452 promiserat,
1111 1428 1160 1445 non
1179 1420 1262 1451 dabat,

196 1454 297 1478 relictus
316 1454 346 1477 ab
366 1453 404 1477 his
423 1456 469 1477 est.

264 1528 470 1561 Abweiehungen
484 1536 542 1553 vom
553 1528 617 1553 Text
630 1529 673 1553 der
683 1528 825 1553 Jahnschen
837 1528 954 1560 Ausgabe
967 1529 1075 1561 (Lipsiae
1085 1528 1261 1561 MDCCCLllI).

263 1597 286 1621 3.
306 1596 365 1626 fore
383 1596 423 1627 ut]
443 1596 506 1620 nach
525 1595 683 1625 Perizonius;
703 1595 819 1620 Hdschm
840 1599 877 1621 ul.
898 1610 927 1614 -—
950 1598 972 1621 5.
992 1596 1096 1627 ilerum]
1119 1596 1172 1620 halt
1190 1595 1260 1621 HJM.

195 1630 233 1654 fiir
252 1630 352 1654 uneclit.
370 1644 404 1647 —
423 1631 449 1653 in
469 1631 591 1653 contione
603 1649 608 1654 .
621 1649 626 1655 .
639 1632 837 1653 convertet-elm-
850 1629 884 1661 ει]
905 1629 941 1654 als
955 1630 1068 1654 Glossem
1087 1634 1117 1659 (s.
1133 1629 1186 1655 Val.
1195 1629 1260 1654 Max.

196 1666 218 1694 5,
240 1666 277 1694 10,
297 1665 322 1693 2)
344 1663 542 1695 ausgescliieden
567 1663 629 1687 nach
648 1663 675 1688 E.
694 1671 717 1688 v.
736 1663 851 1687 Leutsch.
871 1677 903 1681 —
923 1665 945 1689 S.
965 1663 1004 1688 dle
1022 1663 1173 1695 Ergiinzung
1198 1663 1261 1688 nach

195 1697 246 1729 Sig.
265 1712 297 1715 —
318 1699 356 1722 10.
375 1699 442 1727 erat]
462 1697 523 1721 nacli
544 1697 603 1721 Naz.
623 1704 654 1721 m.
674 1698 701 1726 2;
721 1696 781 1722 Naz.
801 1705 833 1721 m.
857 1698 882 1722 1:
903 1699 960 1722 erit.
980 1711 1012 1715 —
1035 1698 1071 1722 12.
1093 1697 1261 1728 legati..re-

195 1731 271 1755 Ie'ctus
291 1732 322 1755 ab
342 1732 381 1754 his
401 1733 448 1761 est]
468 1730 560 1755 erklz'irt
580 1730 691 1755 Wolfflin
712 1730 748 1754 siir
767 1731 868 1755 uncclit.
