1367 2143
164 576 191 600 10

164 787 191 811 15

164 997 192 1022 20

165 1208 193 1232 25

166 1419 194 1442 30

166 1629 195 1653 35

167 1839 196 1862 40

211 104 271 135 208
591 107 662 132 IVLII
681 107 905 137 OBSEQVENTIS

214 197 292 221 runt.
323 192 445 221 fulmine
469 192 577 221 navalia
600 193 739 230 pleraque
763 197 846 222 tacta.
884 194 1008 223 turbinis
1031 195 1055 223 vi
1079 195 1275 229 simulacrum,

214 234 291 272 qnod
309 234 345 263 M.
364 234 465 263 Cicero
481 239 547 264 ante
564 235 665 264 cellam
682 234 827 264 Minervae
848 236 940 274 pridie
963 245 1049 274 quam
1071 237 1222 274 plebiscito
1246 238 1275 266 in

214 276 331 305 exilium
355 277 408 305 iret
426 281 577 314 posuerat,
595 277 765 315 dissipatum
782 277 920 307 membris
936 287 1062 316 pronum
1076 278 1164 308 iacuit
1179 279 1277 308 fractis

214 318 353 353 humeris,
368 318 519 354 bracchiis,
533 319 641 357 capite:
656 319 751 348 dirum
763 319 818 357 ipsi
832 320 964 349 Ciceroni
979 320 1136 358 portendit.
1163 321 1276 350 tabulae

213 370 321 389 aeneae
338 370 371 389 ex
387 361 456 389 aede
474 361 551 390 Fidei
569 361 686 390 turbine
703 361 825 390 evulsae.
856 362 934 391 aedis
950 362 1021 400 Opis
1044 362 1138 391 valvae
1160 363 1276 392 fractae.

213 402 334 432 arbores
350 403 487 432 radicitus
503 407 531 432 et
547 403 686 441 pleraque
703 407 778 432 tecta
795 413 901 433 eversa.
932 404 976 433 fax
994 404 1074 433 caelo
1091 405 1124 433 ad
1141 405 1277 433 occiden-

214 450 273 474 tem
294 446 351 474 visa
372 445 449 474 ferri.
480 445 560 474 stella
584 454 636 483 per
659 445 719 474 dies
740 450 850 483 septem
872 446 996 484 insignis
1017 447 1094 476 arsit.
1127 446 1203 476 soles
1218 450 1276 476 tres

214 487 370 522 fulserunt,
387 488 522 525 circaque
539 488 629 516 solem
647 487 736 516 imum
753 497 862 517 corona
879 489 993 526 spiceae
1012 488 1113 517 similis
1129 489 1158 517 in
1176 488 1278 518 orbem

215 529 342 564 emicuit,
361 534 389 558 et
405 534 505 567 postea
523 530 551 558 in
570 539 660 558 unum
679 530 820 558 circulum
838 531 898 559 sole
915 531 1031 559 redacto
1056 530 1154 559 multis
1170 531 1277 560 mensi-

214 571 268 601 bus
284 571 420 609 languida
444 572 491 600 lux
508 572 571 600 fuit.
603 572 630 600 in
654 572 723 600 aede
740 572 867 601 Castoris
892 573 1044 601 nominum
1062 572 1173 601 litterae
1190 582 1278 611 quae-

215 614 278 642 dam
292 614 411 642 Antonii
425 618 453 643 et
466 613 630 642 Dolabellae
641 614 794 643 consulum
807 623 944 643 excussae
957 619 1034 649 sunt,
1051 615 1157 652 quihus
1170 615 1278 644 utrius-

215 665 272 693 que
287 655 421 684 alienatio
435 665 449 684 a
463 656 554 694 patria
567 656 737 693 significata.
766 665 871 685 canum
885 657 1012 686 ululatus
1025 661 1111 685 nocte
1124 661 1191 685 ante
1204 666 1278 694 pon-

217 698 299 726 tilicis
322 698 438 726 maximi
461 698 578 726 domuin
596 696 720 737 [Lepidi]
744 698 847 733 auditi;
871 708 904 727 ex
927 699 970 727 bis
988 698 1129 727 maximus
1144 708 1158 726 a
1175 698 1279 727 ceteris

216 740 340 768 laniatus
355 744 472 777 turpem
489 739 635 768 infamiam
650 739 759 777 Lepido
776 740 933 778 portendit.
962 740 1058 769 Ostiae
1074 750 1143 777 grex
1157 741 1278 778 piscium

215 782 243 811 in
261 782 338 810 sicco
355 782 509 819 reciproco
527 781 613 810 maris
630 782 707 809 tluxu
726 781 853 811 relictus.
881 782 975 811 Padus
992 782 1141 811 inundavit
1159 786 1187 810 etv
1204 782 1278 811 intra

215 824 306 862 ripam
325 824 452 853 refluens
468 824 617 861 ingentem
636 823 799 861 viperarum
817 824 872 852 vim
886 824 1010 862 reliquit.
1040 824 1116 853 inter
1129 825 1278 853 Caesarem

216 871 241 895 et
260 866 420 894 Antonium
437 866 527 895 civilia
546 865 618 894 bella
635 871 743 894 exorta.

302 909 339 938 69
357 906 452 947 [129]
484 907 513 936 C.
531 907 621 936 Pansa
640 908 669 936 A.
692 908 785 936 Hirtio
807 907 977 937 consulibus
999 907 1113 936 Caesari
1137 917 1203 936 cum
1228 908 1280 937 lio-

218 959 304 978 nores
321 950 430 979 decreti
447 954 544 978 essent
560 954 588 978 et
603 949 758 987 imperium
775 950 912 979 adversus
928 950 1097 985 Antonium⁷
1120 950 1281 978 immolanti

215 992 341 1030 duplicia
363 996 427 1021 exta
450 996 658 1030 apparuerunt.
690 996 806 1021 secutae
822 996 891 1020 sunt
906 1001 972 1020 eum
989 1001 1035 1020 res
1052 1001 1217 1030 prosperae.
1249 992 1278 1021 C.

217 1035 327 1063 Pansae
344 1034 472 1063 consulis
491 1038 585 1062 statua
602 1035 746 1071 equestris
762 1043 852 1062 aenea
869 1034 946 1062 domi
963 1034 1082 1062 corruit.
1104 1043 1197 1071 equus
1210 1034 1281 1072 pba-

217 1077 324 1105 leratus
347 1077 374 1105 in
396 1076 486 1114 ipsius
502 1080 663 1113 conspectu
680 1076 821 1105 festinans
839 1076 975 1104 concidit.
1006 1076 1122 1113 quidam
1139 1085 1154 1104 e
1171 1076 1280 1114 populo

216 1118 358 1156 sanguine
375 1118 558 1147 victimarum
574 1117 727 1155 prolapsus
746 1126 909 1155 respersam
926 1127 1030 1146 cruore
1050 1118 1175 1155 palmam
1192 1118 1281 1155 profi-

218 1160 339 1189 ciscenti
361 1160 447 1189 dedit.
479 1162 594 1189 funesta
617 1160 686 1189 llaec
704 1160 757 1198 ipsi
774 1160 904 1198 prodigia
921 1160 1049 1188 fuerunt.
1080 1160 1129 1197 qui
1149 1169 1214 1188 mox
1232 1160 1281 1188 ad—

218 1212 316 1232 versus
332 1203 492 1231 Antonium
516 1202 656 1231 dimicans
677 1202 705 1230 in
728 1207 851 1230 mortem
868 1202 1035 1231 vulneratus
1051 1206 1103 1231 est.
1134 1211 1281 1230 armorum

219 1245 401 1282 telorumque
425 1244 537 1282 species
561 1254 575 1272 a
599 1248 673 1272 terra
698 1244 755 1273 visa
779 1253 845 1272 cum
869 1245 983 1281 fragore
1007 1244 1039 1272 ad
1065 1244 1175 1272 caeluni
1204 1244 1281 1272 ferri.
1307 1258 1312 1262 -

218 1287 299 1325 signa
324 1287 462 1325 legionis,
485 1295 559 1324 quae
581 1286 679 1315 relicta
704 1295 719 1315 a
736 1287 828 1315 Pansa
850 1286 884 1314 ad
909 1285 989 1314 urbis
1012 1286 1187 1324 praesidium
1211 1291 1281 1319 erat,

218 1329 305 1358 veluti
322 1329 409 1366 longo
426 1329 480 1357 situ
496 1328 622 1357 inductis
635 1329 749 1357 araneis
762 1328 780 1363 ἢ
795 1329 893 1357 venire
909 1328 975 1356 visa.
1006 1328 1127 1357 fulmine
1144 1328 1282 1366 pleraque

218 1372 282 1399 icta.
315 1372 342 1399 in
366 1371 468 1400 castris
485 1370 613 1399 Caesaris
636 1370 699 1399 luce
723 1370 815 1408 prima
832 1371 860 1398 in
884 1370 1010 1398 culmine
1035 1370 1172 1408 praetorii
1191 1378 1280 1408 super

217 1413 339 1442 linteum
357 1413 487 1442 consedit
505 1413 608 1450 aquila,
627 1413 694 1441 inde
711 1412 988 1441 circumi-u»lantibus
1004 1412 1167 1441 minoribns
1183 1412 1282 1440 avibus

219 1455 309 1484 excita
324 1455 357 1484 de
371 1459 530 1493 conspectu
544 1454 622 1483 abiit.
641 1455 759 1483 orm-ulo
768 1454 909 1492 Apollinis
921 1463 975 1482 vox
987 1450 1176 1492 audita‘lupis
1189 1453 1282 1482 rabies

220 1498 323 1531 11191119,
337 1502 443 1526 aestate
457 1498 636 1525 frumentum
651 1506 709 1525 non
725 1493 907 1525 demessuin.'
931 1496 1074 1525 veteranis
1084 1496 1198 1525 Caesari
1211 1506 1282 1525 con-

219 1540 344 1568 sulatum
361 1539 557 1577 flagitantibus
574 1538 710 1567 terribilis
727 1539 867 1567 tumultus
881 1538 988 1566 Romae
1005 1538 1067 1567 fuit.
1097 1538 1201 1567 Caesar
1217 1547 1282 1567 cuni

220 1582 248 1610 in
266 1591 401 1619 campum
418 1581 553 1610 Martium
570 1581 728 1609 exercituin
748 1580 914 1614 deduceret,
931 1590 979 1609 sex
996 1581 1124 1609 vultures
1140 1589 1282 1618 apparue-

218 1629 297 1653 runt.
329 1623 538 1652 conscendenti
555 1623 660 1651 deinde
676 1627 769 1652 rostra
786 1627 883 1651 creato
901 1623 1013 1651 consuli
1034 1622 1138 1651 iterum
1155 1631 1203 1651 sex
1221 1622 1282 1651 vul-

221 1671 299 1695 tures
322 1666 471 1704 conspecti
494 1665 581 1693 veluti
598 1665 713 1694 Romuli
737 1665 872 1702 auspiciis
889 1674 991 1693 noram
1009 1665 1110 1693 urbem
1128 1664 1282 1693 condituro

220 1709 335 1746 signum
352 1708 504 1737 dederunt.
532 1707 768 1736 reconciliatione
781 1707 858 1735 inter
872 1707 1031 1741 Caesarem,
1045 1706 1214 1739 Antonium,
1229 1706 1283 1734 Le-

220 1751 319 1788 pidum
336 1752 410 1779 facta
426 1750 508 1778 foeda
526 1750 691 1787 principum
709 1750 759 1778 l'uit
777 1749 961 1787 proscriptio.

308 1794 345 1822 70
363 1790 458 1832 [13111.
489 1792 525 1821 Μ.
554 1792 662 1830 Lepido
686 1791 714 1820 L.
739 1791 867 1820 Munatio
885 1791 991 1819 Planco
1014 1790 1184 1819 consulibus
1207 1790 1282 1819 mula

219 1834 326 1863 Romae
344 1835 377 1863 ad
394 1834 547 1863 duodecim
564 1838 661 1872 portas
678 1834 798 1872 peperit.
830 1834 909 1862 canis
925 1833 1029 1862 aeditui
1051 1836 1164 1861 mortua
1181 1842 1194 1860 a
1210 1841 1282 1861 cane

289 1894 310 1917 2.
337 1893 481 1923 plebz'sm‘to]
507 1892 604 1916 hierlier
626 1892 728 1923 gestellt
752 1892 814 1915 nacli
840 1890 962 1917 Sclieffer:
990 1889 1060 1915 Ald.:
1090 1890 1180 1914 Cicero
1202 1889 1284 1921 plebi-

220 1928 286 1950 scito
305 1929 373 1950 ante.
393 1940 425 1944 —-
445 1928 483 1951 39.
503 1925 542 1958 L.]
562 1926 693 1957 einget‘iigt
714 1925 776 1949 nach
796 1924 954 1955 Oudendorp.
